{
  "list": [
    { "time": 1434716463888, "type": "buy", "pair": "BTC/EOS", "amount": 6217.999, "price": 0.0078 },
    { "time": 1528187849204, "type": "buy", "pair": "LTC/SNT", "amount": 883.1347, "price": 0.0066 },
    { "time": 1421846107737, "type": "buy", "pair": "XRP/FUN", "amount": 6755.889, "price": 0.0021 },
    { "time": 1426820598761, "type": "sell", "pair": "NXT/GXS", "amount": 9060.3917, "price": 0.0096 },
    { "time": 1369659401181, "type": "buy", "pair": "DOGE/BNT", "amount": 6902.3224, "price": 0.0024 },
    { "time": 1413415423239, "type": "buy", "pair": "DGB/MIOTA", "amount": 2050.5829, "price": 0.0015 },
    { "time": 1461367517140, "type": "buy", "pair": "RDD/VERI", "amount": 7783.0514, "price": 0.0003 },
    { "time": 1450287734803, "type": "sell", "pair": "DASH/AE", "amount": 8115.6145, "price": 0.0067 },
    { "time": 1439835416107, "type": "sell", "pair": "MONA/BAT", "amount": 1212.8368, "price": 0.0086 },
    { "time": 1405466221266, "type": "sell", "pair": "MAID/QTUM", "amount": 4262.2734, "price": 0.0021 },
    { "time": 1398604271292, "type": "sell", "pair": "XMR/ARK", "amount": 9975.9648, "price": 0.006 },
    { "time": 1302625358698, "type": "sell", "pair": "BCN/NANO", "amount": 7647.6659, "price": 0.008 },
    { "time": 1296510492366, "type": "sell", "pair": "BTS/KMD", "amount": 1597.2371, "price": 0.0084 },
    { "time": 1503428590005, "type": "sell", "pair": "XLM/MKR", "amount": 4500.3982, "price": 0.0006 },
    { "time": 1405812098105, "type": "buy", "pair": "SYS/GNT", "amount": 1368.1929, "price": 0.0045 },
    { "time": 1328661321074, "type": "buy", "pair": "EMC/ZEC", "amount": 1237.382, "price": 0.0076 },
    { "time": 1301852202226, "type": "buy", "pair": "XVG/XZC", "amount": 472.042, "price": 0.0085 },
    { "time": 1343080726318, "type": "sell", "pair": "USDT/NEO", "amount": 9353.2742, "price": 0.0001 },
    { "time": 1329789344521, "type": "sell", "pair": "XEM/STRAT", "amount": 9753.217, "price": 0.0007 },
    { "time": 1302061641723, "type": "buy", "pair": "ETH/ETC", "amount": 54.2065, "price": 0.0011 },
    { "time": 1524909970157, "type": "buy", "pair": "SC/ARDR", "amount": 3308.6512, "price": 0.0063 },
    { "time": 1430175736076, "type": "sell", "pair": "FCT/WAVES", "amount": 4724.0314, "price": 0.0021 },
    { "time": 1433298810662, "type": "buy", "pair": "REP/STEEM", "amount": 8533.5395, "price": 0.0092 },
    { "time": 1462233445905, "type": "buy", "pair": "DCR/DGD", "amount": 6091.6061, "price": 0.0042 },
    { "time": 1437890844889, "type": "buy", "pair": "PIVX/LSK", "amount": 6665.9005, "price": 0.0081 },
    { "time": 1488939357316, "type": "buy", "pair": "LSK/PIVX", "amount": 2158.2063, "price": 0.0018 },
    { "time": 1472664936534, "type": "sell", "pair": "DGD/DCR", "amount": 4706.9049, "price": 0.0007 },
    { "time": 1298612643850, "type": "buy", "pair": "STEEM/REP", "amount": 253.0571, "price": 0.008 },
    { "time": 1512814586311, "type": "buy", "pair": "WAVES/FCT", "amount": 6058.7793, "price": 0.0098 },
    { "time": 1515715783755, "type": "buy", "pair": "ARDR/SC", "amount": 5736.8538, "price": 0.0002 },
    { "time": 1487342412857, "type": "buy", "pair": "ETC/ETH", "amount": 5044.0215, "price": 0.0092 },
    { "time": 1370883794962, "type": "sell", "pair": "STRAT/XEM", "amount": 2162.0189, "price": 0.0073 },
    { "time": 1505247547791, "type": "buy", "pair": "NEO/USDT", "amount": 6161.2093, "price": 0.0017 },
    { "time": 1299320727897, "type": "buy", "pair": "XZC/XVG", "amount": 8877.257, "price": 0.0037 },
    { "time": 1393549055130, "type": "buy", "pair": "ZEC/EMC", "amount": 5284.4299, "price": 0.0045 },
    { "time": 1352101367757, "type": "sell", "pair": "GNT/SYS", "amount": 1383.9184, "price": 0.0027 },
    { "time": 1355718331752, "type": "sell", "pair": "MKR/XLM", "amount": 5734.8947, "price": 0.0017 },
    { "time": 1316802399125, "type": "buy", "pair": "KMD/BTS", "amount": 8139.3547, "price": 0.0075 },
    { "time": 1325302456250, "type": "sell", "pair": "NANO/BCN", "amount": 1260.3571, "price": 0.0064 },
    { "time": 1351025017120, "type": "sell", "pair": "ARK/XMR", "amount": 8585.6045, "price": 0.0017 },
    { "time": 1382305792395, "type": "buy", "pair": "QTUM/MAID", "amount": 2711.8663, "price": 0.0008 },
    { "time": 1330868985012, "type": "buy", "pair": "BAT/MONA", "amount": 5767.8055, "price": 0.0022 },
    { "time": 1461254338895, "type": "buy", "pair": "AE/DASH", "amount": 6733.67, "price": 0.003 },
    { "time": 1289443938633, "type": "buy", "pair": "VERI/RDD", "amount": 4120.0956, "price": 0.0091 },
    { "time": 1459470656331, "type": "buy", "pair": "MIOTA/DGB", "amount": 1190.8305, "price": 0.0074 },
    { "time": 1514052900415, "type": "buy", "pair": "BNT/DOGE", "amount": 4911.3692, "price": 0.0077 },
    { "time": 1524687231643, "type": "buy", "pair": "GXS/NXT", "amount": 9753.6754, "price": 0.0053 },
    { "time": 1481293671729, "type": "sell", "pair": "FUN/XRP", "amount": 6744.0304, "price": 0.0059 },
    { "time": 1354524660539, "type": "buy", "pair": "SNT/LTC", "amount": 3301.0634, "price": 0.003 },
    { "time": 1449541939880, "type": "sell", "pair": "EOS/BTC", "amount": 1180.9973, "price": 0.001 }
  ]
}
