[
  {
    "amount": "3606.6333",
    "price": "53983.5159",
    "type": "MARKET",
    "side": "SELL",
    "hash": "0x239c611ce10346eba1fe08dbc5542499a1e6bf5675070fa7ef809dc85d75f7c9",
    "orderHash": "0x0d1db9c7f2ab118c7276817aa779980c37d761a9184193eef54342b7e21901a7",
    "taker": "0x8fc47d2c6c3ba1ad9b337707a2e3a6a1a81c9c42",
    "maker": "0x4c45ac66b0d30a2eced64f403b0931f4b2cfff04",
    "pairName": "OMG_WETH",
    "createdAt": 1504567900560
  },
  {
    "amount": "5765.6435",
    "price": "98517.2261",
    "type": "MARKET",
    "side": "SELL",
    "hash": "0x8c3122d67b7836f641a39e694b3b61f817ced9a9131d4287db30e1f05494f46a",
    "orderHash": "0xe4622579e18fbf8c91bd02548383721e1bf686ef832474f45c2ef68596f641ae",
    "taker": "0x15bbb591ee81d2a6030e1a7d9378548ff93a9d16",
    "maker": "0xef4d26128669e0c30746b50ce1d23647a3464063",
    "pairName": "BNB_WETH",
    "createdAt": 1506911142876
  },
  {
    "amount": "2885.4954",
    "price": "23798.0868",
    "type": "LIMIT",
    "side": "SELL",
    "hash": "0x5960fda2d7d3451272bca059a09e6d92b796bb9f8b5cc9d2a7d39f93e0c17346",
    "orderHash": "0x3cd6f07d03507eeef1db314bdd0f91447da613f0611e4429874c09bb731b8f85",
    "taker": "0x1639cb6b1d885c94fd6b0766b098195dda300044",
    "maker": "0x56d386341ad7f6d65df44595617921cb72ad3082",
    "pairName": "ZRX_DAI",
    "createdAt": 1511091286778
  },
  {
    "amount": "6233.9480",
    "price": "39782.0884",
    "type": "MARKET",
    "side": "BUY",
    "hash": "0x6c9705799b7c5812a123839868d0e81b90812bcb2139160f878c9f2b2e9d2159",
    "orderHash": "0xf6998bb63da951ed8dbedbefbcc724ef6cfc7891679d57b8086204b61c4a2257",
    "taker": "0x55ef29fa11c3272fa370b156cc9b65e7c7da702e",
    "maker": "0x221dd0ac4faaf8cf2b9613aa3edfbc9c4122e024",
    "pairName": "OMG_DAI",
    "createdAt": 1508883516047
  },
  {
    "amount": "8506.5324",
    "price": "32731.4301",
    "type": "LIMIT",
    "side": "SELL",
    "hash": "0xc824d7b83645c52fbef81ad97473f85d485ff4a3a9085898974adf5f046ad7b3",
    "orderHash": "0x99e55218934c426be46987f1b03b5ac20721b4e805acccf7d5aac89826e34b2f",
    "taker": "0x60070010858df5bed7238254a624eb3199d3f862",
    "maker": "0xdd1e61753118873b831c54dcf6f860ddfd1133b9",
    "pairName": "OMG_DAI",
    "createdAt": 1507971941730
  },
  {
    "amount": "7849.4860",
    "price": "44749.0393",
    "type": "MARKET",
    "side": "BUY",
    "hash": "0x7a9e94f54977858a920aa2e53da8ee75122328d81f6d892efaa37c8265c49cf0",
    "orderHash": "0x632400c3e20f2c3ca6eb0a9499f579b5d72a0ee9e79c9de11fb2cff5fcc71953",
    "taker": "0xfba438e10aa0d8d61d854800f647afaf87f2dd5b",
    "maker": "0x87163961355c742ae68d31f51166226c16093696",
    "pairName": "ZRX_DAI",
    "createdAt": 1500352668996
  },
  {
    "amount": "968.5657",
    "price": "87850.0493",
    "type": "MARKET",
    "side": "SELL",
    "hash": "0xf05d293374de4483e1be650dcab777431149d563c9aecaf321c63c2935c4db89",
    "orderHash": "0xd9b9ad7dedb229ed5009e309bf48f8fea67092657195f69e787726ad28a29b5b",
    "taker": "0x3ca44f32bc56482ceaa052a75f8576ab8ae43ae4",
    "maker": "0x6c9af4589eae3ac98b29595329694c0b45f1bba8",
    "pairName": "OMG_WETH",
    "createdAt": 1516054898362
  },
  {
    "amount": "3618.3590",
    "price": "66978.8474",
    "type": "MARKET",
    "side": "SELL",
    "hash": "0x80fc272c0635ccaabbc27f311954ca54a23a8639a531c670e7dd8f5410a1af24",
    "orderHash": "0xf48d0b7273200a37b4f061a8d4cb3e2602b67af054215df1c5cdb30dffdb6404",
    "taker": "0x7216fed5aa72e7f1edc1759c770db37f09345d91",
    "maker": "0x05e99bf4a632823add87a87e61a380dd069f3be9",
    "pairName": "BNB_WETH",
    "createdAt": 1503919928369
  },
  {
    "amount": "1220.6133",
    "price": "49926.0533",
    "type": "LIMIT",
    "side": "SELL",
    "hash": "0x60b448fcf2e92a6fd0e0022c6a510d77a7c06f48caca1d01ca4ccfe09a0644b4",
    "orderHash": "0x56b57e615ac3183b25e1997af45307610e14ab8dc851212c2c07cecc47921863",
    "taker": "0x98dc562b8247671c8dbfb40e1ca2b9fd09cd081c",
    "maker": "0x8429d3dd552ed92885f07d1ff386f9cab4d662cf",
    "pairName": "BNB_DAI",
    "createdAt": 1515368714522
  },
  {
    "amount": "1971.7279",
    "price": "51424.4549",
    "type": "MARKET",
    "side": "BUY",
    "hash": "0x266713f46e7a5ce4e6537df7e4790a464f30a8217f561ebe7271627937cba72a",
    "orderHash": "0x97dbb2f4abe19812f58b1b6d19e54fd84e91cb591c1fa48359367a6ae4607708",
    "taker": "0xb2dab56c81ed1acfee7867f1d317f1f5aec435ed",
    "maker": "0xf8c45ccc058a1435f9c5f6850a3b0da96c48e5b4",
    "pairName": "BNB_WETH",
    "createdAt": 1512592586644
  },
  {
    "amount": "838.0501",
    "price": "8027.1316",
    "type": "MARKET",
    "side": "SELL",
    "hash": "0xbce82235d34e4fd4ce4f40b87a452c462533eef3efc7cb6d4eae3679311b0e8e",
    "orderHash": "0x568934d388d0aa2bdfb402262e1269fe839c1718ff911a0e098c4639592bd33d",
    "taker": "0x5b99f3ec35b3823897d2212e47f3a11a97e3dba6",
    "maker": "0x51b3b296058574af52352c617d36cd4fa347cdd7",
    "pairName": "OMG_DAI",
    "createdAt": 1502124794317
  },
  {
    "amount": "7556.8548",
    "price": "78900.6414",
    "type": "LIMIT",
    "side": "BUY",
    "hash": "0xc69b9a3a460cf95ca5d062a5f762e3b685ff53877ba2691d4a57c255a1e01acb",
    "orderHash": "0xd30073da2892b89c1e93ef3fbe7a542c87d87c59c10c02984e94a2d87b164d17",
    "taker": "0x5b1e0939742168249ce1a621eb08fb9298eb9403",
    "maker": "0x60fa0fd7c1d00f52e84e77cd035c8610d9a38206",
    "pairName": "OMG_WETH",
    "createdAt": 1505076497779
  },
  {
    "amount": "2566.3102",
    "price": "9502.5596",
    "type": "LIMIT",
    "side": "SELL",
    "hash": "0x9fd15b2f1ba81f44f662f554c2dc6c6a5744236321c821cbfa0bb859cf4389a7",
    "orderHash": "0x2fbbbc3669b9971ea6db63600a3fe6d67296fa8aff88cdca089281eaf6b357d6",
    "taker": "0xe58d0603ca968fb7b9b214f86c64a2c94b62518a",
    "maker": "0x94172fa9797359e45718d6396e3d5aee7044beac",
    "pairName": "ZRX_WETH",
    "createdAt": 1504785634170
  },
  {
    "amount": "1018.0294",
    "price": "37751.5019",
    "type": "LIMIT",
    "side": "BUY",
    "hash": "0xcbb816b807ab84f0d216f0191b9507b16ac9fd337a63712924276e3746ddd7eb",
    "orderHash": "0x71aef6b32d53a7ee87da6628913a5d251139b411820039c369c65c09cc76d846",
    "taker": "0x0a39c6ab51b77ae39b650b7d7bf0c0cd3582f5b7",
    "maker": "0x843e5bb6c43a48e32dd20a55fe7ee913e79eea92",
    "pairName": "ZRX_WETH",
    "createdAt": 1518476938872
  },
  {
    "amount": "857.8607",
    "price": "66158.4282",
    "type": "MARKET",
    "side": "SELL",
    "hash": "0xf635f9c11b5b2c4ac58c94e7e5386642bcbe7db5de0c47528127558494cf4c2d",
    "orderHash": "0xc58cf0873ea5ea9673b949591c1fe1b4a7b85a59db8ea581adc4e6517c7ed497",
    "taker": "0xf599b2a1555635d0377b5f4f308f0d9efd43ac77",
    "maker": "0x70153e7aef2447310a496113a3e29ae7fb335512",
    "pairName": "ZRX_WETH",
    "createdAt": 1510218287093
  },
  {
    "amount": "6539.6823",
    "price": "23132.4871",
    "type": "LIMIT",
    "side": "SELL",
    "hash": "0x1ee90c2b9ae7cabe84f2ea7351a076ed6cdf5445ff41b5e4f7ba2d56c92e27c4",
    "orderHash": "0x71c8d090d13ea6fea28eb369e5dd2a119491b1229aa3d546151f1de2c820a85e",
    "taker": "0x0e8f232760af8840a7f3381893f029a83e25b798",
    "maker": "0x016233fa369745886761b8ffc809a7bf391c45d8",
    "pairName": "ZRX_WETH",
    "createdAt": 1515338659738
  },
  {
    "amount": "777.2235",
    "price": "39200.9484",
    "type": "LIMIT",
    "side": "BUY",
    "hash": "0x02ebf63bceac35993beaedecd54eec8ddf7acfb48c646cc54db3a4ef0b6edd8b",
    "orderHash": "0x61e9f859e3491c389bcab771e340abfd6330e5deda77b8426135440b42a818e6",
    "taker": "0x70747b77a8fb430c5ec14d526edbe5efc26274ec",
    "maker": "0x398503440cff987b9a795afcf730e679616c3976",
    "pairName": "OMG_WETH",
    "createdAt": 1510014584469
  },
  {
    "amount": "4525.3425",
    "price": "96425.9290",
    "type": "MARKET",
    "side": "BUY",
    "hash": "0xc567fdbe9b0bf1da0489187f09d6dab090344b6dd0173ce5d450cb5389791d23",
    "orderHash": "0x83960ff06b26f0bfdfcacd97c7b3e64fff0d6f24b5f1af8b1a1a7d6d6103a80c",
    "taker": "0xd633362927a0d687678c2905bb0e84408e23c2e3",
    "maker": "0x8e2c58ea0c135c8a6ac948afc7fe490099fb16d1",
    "pairName": "OMG_DAI",
    "createdAt": 1501076145098
  },
  {
    "amount": "2668.7740",
    "price": "30036.0795",
    "type": "MARKET",
    "side": "BUY",
    "hash": "0xa3e89c358166b160c87eb06d1db61154f9963e1ca00353a15b4296d5a71935b4",
    "orderHash": "0xebb576542254b3ac291402a26778fd14c7117f36e331cce791ff0ffa82251fc5",
    "taker": "0xe510e24ad42971fa15d7ff10943fb55de40b7b84",
    "maker": "0xe9dea69981217897c4b1d0ccf306258f58895dd4",
    "pairName": "BNB_DAI",
    "createdAt": 1516926272848
  },
  {
    "amount": "5908.6442",
    "price": "68161.1384",
    "type": "MARKET",
    "side": "SELL",
    "hash": "0xc95d2dd80659a9fa59435ec90fc9cfce3c5fb708434944633a4e319471c7b61c",
    "orderHash": "0x8e5d2a54d7fffb17bc2aa81f634c9ac2ca4b4dc407675b8a4d7debfd2397894a",
    "taker": "0x717e464bedfcbea8c177b749a8460e16914b4742",
    "maker": "0x909a3c6cc0520a330483dffd4c6c2ca7280a2f0c",
    "pairName": "BNB_WETH",
    "createdAt": 1503938149446
  },
  {
    "amount": "3216.9630",
    "price": "26508.4130",
    "type": "MARKET",
    "side": "SELL",
    "hash": "0x1eaa5bf942d6115e53854a2e48ff50a940b3aa31054cb60dee20165b45a9f42b",
    "orderHash": "0x392b757a073ff753c985a88732082ae6e0a313d7379d9780491befdf667048bf",
    "taker": "0x2351200eb27b75427c24932e230af23db72053b7",
    "maker": "0xd23494a5ec2efcd4c1bc169278b44f4ccd4a690d",
    "pairName": "OMG_DAI",
    "createdAt": 1510411118944
  },
  {
    "amount": "4887.8482",
    "price": "86632.3421",
    "type": "MARKET",
    "side": "BUY",
    "hash": "0x4e2fcf4de898dd584bb76e3a9f3ddafccbbdc870677eef9793598c6f41229e72",
    "orderHash": "0x012affae2768622729ace074dbb796da72d4d0f0e7980348c64272cc7f6b19f4",
    "taker": "0x825468aac0a3315f14dbf81024fdfe1c9ea6a1a3",
    "maker": "0x8de07488db8bdc3c00004300d410065de7daf750",
    "pairName": "BNB_DAI",
    "createdAt": 1511275959631
  },
  {
    "amount": "647.5302",
    "price": "36850.3430",
    "type": "MARKET",
    "side": "SELL",
    "hash": "0xd40e7509994c8968d3615a4602c4d57a65ec7b4211b0c847cbb36393f6c349bd",
    "orderHash": "0x7a36c34c389e329756e0c5430ec4448d8322f106a80b633821aebcb1c6c44202",
    "taker": "0x1973957780a7de4fd628b3fbc08ec58507d3990e",
    "maker": "0x6ae9c3ee92de44df09c3cc4034f9362a2f9e5179",
    "pairName": "BNB_DAI",
    "createdAt": 1511530332536
  },
  {
    "amount": "9809.5952",
    "price": "26991.0537",
    "type": "LIMIT",
    "side": "SELL",
    "hash": "0x909141caf4e60b27747b36d45471affeb7ae231918b66ea9311865f190f2e083",
    "orderHash": "0xf3e9812b15ebf06b87dc5e882f127f1a607e73813e638a53461149a01b22e68f",
    "taker": "0x7fe48079097a820b6e5cb75558a6c94eb2fd3b1d",
    "maker": "0xc0225b7f7634e2d6a811bcbcf282a5316b0286ed",
    "pairName": "BNB_DAI",
    "createdAt": 1515412805733
  },
  {
    "amount": "147.6977",
    "price": "72857.1731",
    "type": "LIMIT",
    "side": "SELL",
    "hash": "0x29385782b9a27bfdd97b3c6d221ab919b0e68f0742c9de7a4f7d8bea6888ad54",
    "orderHash": "0x7f4a1c0d06040763d27b2bb759448463d03874579f7782db992a69b92bf34fe1",
    "taker": "0x0805232a09ab476a071288bc541df2d20f6d694d",
    "maker": "0xcf8a5a3635d5dacf0aa0548200a7bb8fd124450b",
    "pairName": "ZRX_DAI",
    "createdAt": 1504031278788
  },
  {
    "amount": "2411.9423",
    "price": "64139.1884",
    "type": "MARKET",
    "side": "SELL",
    "hash": "0x5afd08e697bb5a26520268ae5d93d4f08ac2bdaba101d48671eb3948eed4e123",
    "orderHash": "0x98ffeabe741d71598daa2da4c977c9192a918246f547de35a6a192bee0be5c4e",
    "taker": "0x2b71a4efd0ceadffaf20d3e9333807e8710b6de0",
    "maker": "0xc41bb455951e9c2ce6a8fbbe780f055ad370f1f3",
    "pairName": "OMG_DAI",
    "createdAt": 1504727461198
  },
  {
    "amount": "2790.7489",
    "price": "44670.1554",
    "type": "LIMIT",
    "side": "SELL",
    "hash": "0x6fe75ce98d74dabc5f0f69d6471691205b0a4acfa84cb445fc09f34159a7f459",
    "orderHash": "0x48d30cab11739d515bc95402b93e76de57767c030eb0d1d9e4c82ab030feb810",
    "taker": "0xbf49b873b6bc2a0fba18da763a4a845e22dd8c68",
    "maker": "0x71d42bfee47447fd577cfb39db4b73e507d3c521",
    "pairName": "BNB_DAI",
    "createdAt": 1518453715565
  },
  {
    "amount": "7222.7563",
    "price": "50592.1443",
    "type": "MARKET",
    "side": "BUY",
    "hash": "0xb0785129e985d32230ee5078806277bdaac4216665c6d76df88ddcbf8f2f3cda",
    "orderHash": "0x1418a915077198ebfb61da0e03936997d3eee7c42b93c9f46bf1819c8ebecd34",
    "taker": "0xc9ea652bf5c0350b89af47e308914d48d9f3564b",
    "maker": "0xe20ab47c68230f991414b4d83af550825b6405e2",
    "pairName": "BNB_WETH",
    "createdAt": 1514081434309
  },
  {
    "amount": "8683.3623",
    "price": "92040.8437",
    "type": "MARKET",
    "side": "BUY",
    "hash": "0x3d7a3b4b43e10d6032a13d9f6aea9406b7747ca25292bd6bf148ab2653780a48",
    "orderHash": "0xc6f18aaa256d482a5396041299b675c5ad29c5532fbbdd611932d22758c8f706",
    "taker": "0xfb5d1a45e87a7974a25cfc366fc7153bfdc06bc7",
    "maker": "0x1e5733422bd89fb05e4a41cedf415a3d2df8cd2e",
    "pairName": "OMG_DAI",
    "createdAt": 1518754927499
  },
  {
    "amount": "8962.4061",
    "price": "28185.4742",
    "type": "MARKET",
    "side": "SELL",
    "hash": "0x6a40a3f3824bdc4ff1955e8b66b347625db66be5db2b92cdc6743b8b792102a9",
    "orderHash": "0x403387a24b742b1a1c637d28a6abfbb6f8c55fc69120b32a47fa9ae43818a81c",
    "taker": "0xb48cd721c8f7dd002c84e5b7398f23dce51ca7f1",
    "maker": "0x95b86a4719f9920ffe190819cd1f532fdff836fa",
    "pairName": "OMG_DAI",
    "createdAt": 1501746669196
  },
  {
    "amount": "5367.1287",
    "price": "79774.8289",
    "type": "MARKET",
    "side": "BUY",
    "hash": "0xfb3d40ca0439d07fe632913b76df51af467a701eaf753674865bf0cea443bca5",
    "orderHash": "0x7d60167f59705e88a014d971cc112658bf32fd2fc303da909992a9743f977ff3",
    "taker": "0xaace89b55fc1433bcfb159885e91424e54b234b1",
    "maker": "0x73f4d54ec04d4ba8cbceb8da3da316eeb66932ec",
    "pairName": "ZRX_WETH",
    "createdAt": 1518583643936
  },
  {
    "amount": "3521.8826",
    "price": "15253.7750",
    "type": "LIMIT",
    "side": "BUY",
    "hash": "0xb88ecb6af02b3ff328d64bb0500d1e2946e0dc8ab6ba5eb0312b9fdade00bfc9",
    "orderHash": "0x476e9aa4cab33b430dfa08335b010f677a20b3f408d7629a450c60f22fb9156a",
    "taker": "0x9d21801e2f6b55bd1082dcbb0b68d467ae529b9b",
    "maker": "0x1f8cca053e080421ac21f4de6f6f55f33947e6ff",
    "pairName": "BNB_WETH",
    "createdAt": 1508942528636
  },
  {
    "amount": "906.0485",
    "price": "37271.4115",
    "type": "LIMIT",
    "side": "SELL",
    "hash": "0x23d0593ee4f958b79e884ee46aa35df72991404aa73745613c24cdf2f10c5155",
    "orderHash": "0xa5beca33ba69ca3b048e82673d68809b7977a608110e003b199913f45e8b9682",
    "taker": "0xf4e92cd55a4f4cf71bc05f58329a34458a60a9ac",
    "maker": "0x5b7c6236ee4ec7e528f04c371d19b5feb1b98ca7",
    "pairName": "BNB_WETH",
    "createdAt": 1501582706979
  },
  {
    "amount": "9394.2632",
    "price": "36339.3796",
    "type": "LIMIT",
    "side": "SELL",
    "hash": "0xc5d994110390b2b86585c854d255d80efa773f9a7ee028d2a5c91286b2b6de75",
    "orderHash": "0x050c19ce494cf95852e77d9c865e5eb9c887f1920182f40f55769d537b918386",
    "taker": "0x34fe5ff1a98f48e0387a06dd89e75fa359d9c92a",
    "maker": "0xa1765330bc0f12d603cc6a3a69c251dc113e1957",
    "pairName": "ZRX_DAI",
    "createdAt": 1510720995146
  },
  {
    "amount": "9842.6293",
    "price": "80512.6906",
    "type": "LIMIT",
    "side": "SELL",
    "hash": "0x8207a6627b5e22f986e6be9d633a2cbbeb21222171878313aa17f8ee8d1215c5",
    "orderHash": "0x066799bf95ee8303c863b01804af5add029ce4d39e0accb4f44e659b0870166d",
    "taker": "0xc7bb07bf5cb30b65c24728cc7b623a4c841f3ed7",
    "maker": "0xa78c9daaae14edbf4dacf53fc482a724217a142c",
    "pairName": "ZRX_DAI",
    "createdAt": 1505829002053
  },
  {
    "amount": "7755.5094",
    "price": "58058.5866",
    "type": "LIMIT",
    "side": "SELL",
    "hash": "0x2887dd2cf70a2b674fafebd8d1d114200b6a9ab153aceca90cb666bdf8c4f3a9",
    "orderHash": "0x6fca9e4aac75d00ac1efe479a6b36957f994e6ee0f68843d6d3f4fabd25faf9f",
    "taker": "0x22e98ebed6c59ee1e6116c1833bd14b38f260fe9",
    "maker": "0xd322711ce11fab251f4ec51914448dbfabb8bee0",
    "pairName": "OMG_WETH",
    "createdAt": 1507264549191
  },
  {
    "amount": "8513.7839",
    "price": "79534.0059",
    "type": "MARKET",
    "side": "SELL",
    "hash": "0x7145a74e135300aa66976cfa928ec6d1f653e97e8c92aa08a3c43282d0ef843a",
    "orderHash": "0x1e818828859aa62afcb0a5402374e07b4518c0e8b356b4ea5d5173f855a82625",
    "taker": "0xa1b10aa8b32442bd8f606c9c3e0f3081ce571823",
    "maker": "0x3df49af8da509948a9951e96b28aab90946cfd6e",
    "pairName": "OMG_WETH",
    "createdAt": 1518079006285
  },
  {
    "amount": "3747.1763",
    "price": "17960.2821",
    "type": "LIMIT",
    "side": "SELL",
    "hash": "0x47a6afe744a5b48a387471effe3514748184ce4922a70aef5df02c2cf66f7b93",
    "orderHash": "0xac94436a5d2496f8412bf9d042aed9bdf4b2fc90555c8b1129ea9b48754267fd",
    "taker": "0xb588f21a1a0fe0b0b7f6255d1648ca32fd4d2342",
    "maker": "0x82c61b2d10a3474e722935e75631f24c3591fe8e",
    "pairName": "BNB_DAI",
    "createdAt": 1519744688957
  },
  {
    "amount": "6167.2965",
    "price": "16870.5812",
    "type": "LIMIT",
    "side": "BUY",
    "hash": "0xae4ad2fee85e586047e739c72953f51ba567b80832e79a946e908e335b267ec8",
    "orderHash": "0x9e3960690d4bce4190161d071baf6fa011b1bb84ede9b07fc119d9db3be5d74c",
    "taker": "0x5a4e7efb3705623d0259591c957b4c7562a33efc",
    "maker": "0xdd2b93fa2aa0d5f7d19de41538d9e23165e370cb",
    "pairName": "OMG_DAI",
    "createdAt": 1505097364015
  },
  {
    "amount": "3631.1164",
    "price": "7944.0956",
    "type": "MARKET",
    "side": "SELL",
    "hash": "0x72c849ee9cf922855f80ea019aca0c32fe8caa0cf223a89efbeaeb5dcbbe56f4",
    "orderHash": "0x574e9629493d11c1dd430bf5bc74d26ce66583a8c5567e2f09ee4be738749001",
    "taker": "0xff132d8f8a32e08b3ae5299ef36f3faa3fb88aa8",
    "maker": "0x79cbeae87763b9e477756ff0d7ee7fe853dd8899",
    "pairName": "ZRX_WETH",
    "createdAt": 1511836111240
  },
  {
    "amount": "2212.4715",
    "price": "48398.3830",
    "type": "MARKET",
    "side": "BUY",
    "hash": "0xeafd3d51627294c7d494356bc75690146be47be4aacfaab85b1a72e0a7348992",
    "orderHash": "0xac1078a67a66c8ed9b08c39b7c95fc1b8b32ee79d63662acfe01185c2eadf3b7",
    "taker": "0x5a223ecfb0ab444e1d7a9aca05228475898c5277",
    "maker": "0x62f77513975ba158b78a7104c93f78c1c927e88b",
    "pairName": "BNB_WETH",
    "createdAt": 1515143021519
  },
  {
    "amount": "5166.4617",
    "price": "85072.5449",
    "type": "LIMIT",
    "side": "BUY",
    "hash": "0xbe70cdaff4650144444946a94937b1e2304e995a95e0a1b8b1344f27e425496d",
    "orderHash": "0x545f68e9f32acaf8bc1cde5ffa93fb978470d6185fbb0603ea68fd8829f9248d",
    "taker": "0x6980bde6381125801c9c1e6ac5fa789c9a3223db",
    "maker": "0xb58ab8880b1ce0dff89f8402602aafff21a6e3a2",
    "pairName": "OMG_DAI",
    "createdAt": 1516731040740
  },
  {
    "amount": "1137.5179",
    "price": "40610.2669",
    "type": "MARKET",
    "side": "BUY",
    "hash": "0xf34871fabe8200066f3b2ccf1c98c16406e9daff60604451557fe81497e5debe",
    "orderHash": "0x84cc2999a2279de73ced45dbd2d66c4036cb84eae6d5e6c1e67dcbb7c242a9af",
    "taker": "0x67c7b5a8d06183698d3781174329a2fab73c769a",
    "maker": "0x9e39f8d87bd21ac7cc7a98b36dac82c057917a39",
    "pairName": "BNB_WETH",
    "createdAt": 1518875850409
  },
  {
    "amount": "8229.2983",
    "price": "29457.8026",
    "type": "LIMIT",
    "side": "BUY",
    "hash": "0xcc0e0ecc8653815fe5443d5d68d57f2fdc70cb90689a94ac7691481932b4c787",
    "orderHash": "0x413646107f3a0d62e779a77c6a2050f3d3fdf26ab089fc10af52d8713d33b141",
    "taker": "0x040005a9126129566f514c0f78fc051dc8104215",
    "maker": "0xf5b09fa5945f602d4340508e93da5d0e7eba50da",
    "pairName": "OMG_WETH",
    "createdAt": 1508317171265
  },
  {
    "amount": "5868.9633",
    "price": "80757.2630",
    "type": "MARKET",
    "side": "SELL",
    "hash": "0x6f73d424df04fe6ce3e38b924d9aca3dce4ce71f0d0d39a2012f144831498a0a",
    "orderHash": "0xd7aec35dd5e3f274da3335c23e324c26bdcb4d5589a20dd6c57e411e16bde7ce",
    "taker": "0x434b530b60b567c611e9f5dc11cb6216d336c4fd",
    "maker": "0x07fb1b2e16840f3964c063f07035c555f6263035",
    "pairName": "BNB_WETH",
    "createdAt": 1506900757882
  },
  {
    "amount": "5285.6078",
    "price": "19623.6994",
    "type": "MARKET",
    "side": "SELL",
    "hash": "0x07b6a7847cdfa2837de34d62f35b6bcd776980aa3987734e499c5ef35c11d71c",
    "orderHash": "0xd252bfbc2828a829be7dc236240e12404733a112be1870f08b7ad65bb722cd89",
    "taker": "0x2b040c5cca2d3912d2e44e7f149b1818f68fd695",
    "maker": "0x79ac858557b77d7aa956e876f74ebabfa45d76bc",
    "pairName": "ZRX_DAI",
    "createdAt": 1510757505445
  },
  {
    "amount": "9529.2552",
    "price": "84979.5441",
    "type": "MARKET",
    "side": "BUY",
    "hash": "0x65e8c84af362897d22231006d8b9d22720b4c204f5579be0a2c914a135850de4",
    "orderHash": "0x0c7f7e3dc83efcfb7a4b6daa7120e791d639e745740febb530814f2bd8b124e1",
    "taker": "0xc5d5aed2cc1b867cbef7fe596aa1114449882ea3",
    "maker": "0xd488bd0ade3b3e894c6554c623e414d67a3d017f",
    "pairName": "OMG_DAI",
    "createdAt": 1516380109730
  },
  {
    "amount": "6690.8190",
    "price": "22544.9951",
    "type": "LIMIT",
    "side": "BUY",
    "hash": "0x2a74a4ba793a7f709d5fae1a32b5e393bfa5c9121543eabf51f0cd646e2e8a0c",
    "orderHash": "0xf9f83eb41c699b364a2ce7ebe6ad3171985ad091c79314a51ed3555175bd8af6",
    "taker": "0x3b9c5ec80d877ce16c9546976bb4c82c30b6c397",
    "maker": "0x5163f5f667f4341ff2415136d60632ad5f567347",
    "pairName": "OMG_WETH",
    "createdAt": 1500869880747
  },
  {
    "amount": "465.4471",
    "price": "62568.0986",
    "type": "LIMIT",
    "side": "SELL",
    "hash": "0x853c40e91ce76ee49b9a2537b004c7dfd8f8326fe1c5e26c0e2ccaa4a3f55238",
    "orderHash": "0x8d3cdad08470326071812189ef398995515e574fe167380db78ec18e411a3423",
    "taker": "0x2a2be9f3e40436875aa4ea5970a282fef2e1a8d9",
    "maker": "0xddcf9af9b826b06e9fb4479f67a302030f632e50",
    "pairName": "OMG_DAI",
    "createdAt": 1512404155380
  },
  {
    "amount": "1370.0016",
    "price": "57154.5695",
    "type": "MARKET",
    "side": "BUY",
    "hash": "0x5beed870bc30d2f186f29820c47cf08bc3c3ebfb4ac7704ac874ef57044393dd",
    "orderHash": "0x4f161584cf186929b952c82b99f0b81e69c6fac04967843d97eec6ec0503d4ca",
    "taker": "0x41bec05c6b994b36466a30878a874d3df0f08632",
    "maker": "0xbe713ad1afaa5767c8e3c0dafa55ca5f9bd096fd",
    "pairName": "OMG_DAI",
    "createdAt": 1505153981047
  },
  {
    "amount": "8841.9532",
    "price": "48820.8939",
    "type": "MARKET",
    "side": "SELL",
    "hash": "0x378e5d726d6058aef7e3ddb810b8bc4743b40b6d852a7c7d0fdf6f34036aef15",
    "orderHash": "0x3c543319e981c4182c882d8d52c57c021c82ceef8d2968549a9fcaa75cc1de4a",
    "taker": "0x7d1dfbe5556417eb142a93bad0d302f7864de6fa",
    "maker": "0x10073ab87908eaa4c5ec454dc0f81eaf0e2e3889",
    "pairName": "BNB_WETH",
    "createdAt": 1517575369816
  },
  {
    "amount": "8067.5605",
    "price": "20698.0834",
    "type": "MARKET",
    "side": "BUY",
    "hash": "0x02f01b0d3157fd3f3ac7b14855653fa3926a83d25ad5a3c7e800ed54525e96f6",
    "orderHash": "0x8ff823871dd3b3e18d98168659a2f598ba3350b7557a1f5956e56f05918d34be",
    "taker": "0x57cf3fa11b176ec49d232ee06efadc74180a629c",
    "maker": "0x63bd75ee0cb5e3642924aed4db0a699a673c9b11",
    "pairName": "OMG_WETH",
    "createdAt": 1505957340128
  },
  {
    "amount": "9820.2924",
    "price": "83074.7376",
    "type": "MARKET",
    "side": "SELL",
    "hash": "0xb5f5ce4b60ecff18ec3026fb7917adb5698b38244f171b473add94a9aed3abe9",
    "orderHash": "0x71ef23481a5a17d3f8a6a7180cb7d807b655f0c89c0cc612d86a249d1fe3cd0b",
    "taker": "0x5b4d721a8ca8a01ee33a808e67b39f28eeabd5ff",
    "maker": "0x24a0cd23271e83c02a1f794e3e48be4f42b59dd8",
    "pairName": "ZRX_WETH",
    "createdAt": 1511334561736
  },
  {
    "amount": "8416.6387",
    "price": "23076.7752",
    "type": "MARKET",
    "side": "SELL",
    "hash": "0x5e5d48086ef7a0113c3f8a9b35b0f7c23fe94ad8af596efe4a53f27815c5f885",
    "orderHash": "0xb66df911ed2918cde5a2d14ceeb5bff628697ba691cfc8b43a454fb40111b531",
    "taker": "0xb52e496a903214d9cf0e7d3cb210a99d88931310",
    "maker": "0xd449772b9539d983d64f477d30bfe2680d36fd14",
    "pairName": "OMG_DAI",
    "createdAt": 1519444377874
  },
  {
    "amount": "7478.8520",
    "price": "50189.7731",
    "type": "LIMIT",
    "side": "SELL",
    "hash": "0xfa114a428106eec271212004add9512f5a644059a4a76b2d252be9e5afa6f1b8",
    "orderHash": "0xe0875d34e034a782e24b9af840fc5a052cdbbfb16497cfe5efa20b534d31269c",
    "taker": "0xb073175782e5bac197195ceb9958e912c4ff39bc",
    "maker": "0x741c7ff6127ec63b53b17d50fe8c8bcb8965a38e",
    "pairName": "OMG_DAI",
    "createdAt": 1519036806336
  },
  {
    "amount": "7660.9724",
    "price": "1216.6640",
    "type": "MARKET",
    "side": "BUY",
    "hash": "0xa60beae48bbb50a3c15e53eeff3f67d0bede2acb9f70bd9e3b7a37fcf74c8afd",
    "orderHash": "0xc7d3cb05415dacd98c16237a5d0acb76e154f1cb08a68c3fb266f33a96773b63",
    "taker": "0xa28066b82ead92be53f000effa13fb0ca5328377",
    "maker": "0x69372192059bbfd47ebd6fec47d25d42f9d8e853",
    "pairName": "BNB_WETH",
    "createdAt": 1506323511225
  },
  {
    "amount": "6178.7980",
    "price": "61722.2742",
    "type": "LIMIT",
    "side": "BUY",
    "hash": "0xf0dcc89f7f514e65a9698121a9a882d574005e2fcb8a7c061a7978c96a3fc836",
    "orderHash": "0x4b7437c4cf21d05613b9606f5435365b97affa0d00fef17eef90207762183ecf",
    "taker": "0x99280c2bbe4bc24ee0facaa69df5847d0edaa393",
    "maker": "0x624f2c6bd178f7bd1b26932d149c236e0f3fa39c",
    "pairName": "BNB_DAI",
    "createdAt": 1506103901611
  },
  {
    "amount": "5711.3247",
    "price": "90391.9162",
    "type": "MARKET",
    "side": "BUY",
    "hash": "0x7867ea6b05c2d845f4d31f1e5f8dd5cc12d3253e2d545dc4bba875193f94df8e",
    "orderHash": "0xbbcbf2d9a73fd924fa3e6171a1b394f4c77fa4cff42ec05f4040ac9317313022",
    "taker": "0x268f86147389c9c494af322a1df4fcddfb505c87",
    "maker": "0x92cce79ce04e9106243708c8f5ab9c8571dcab20",
    "pairName": "OMG_WETH",
    "createdAt": 1510970635906
  },
  {
    "amount": "2676.5922",
    "price": "30792.9408",
    "type": "MARKET",
    "side": "SELL",
    "hash": "0x5e79fc52b1726bf6d0e28d0b7f0ccc627006c9499d8d4ae00403f8e2013b1c56",
    "orderHash": "0x142d648e7ae5c6d24ab11810189ffb57ac0acd62ebc45f7bc35a6a84997635db",
    "taker": "0x69ba3c7b9a1a8a75ad8ba372568337a13e152898",
    "maker": "0xb92b1320822372cdb62651e6ea67c638df4258e0",
    "pairName": "OMG_DAI",
    "createdAt": 1510991483662
  },
  {
    "amount": "4771.8733",
    "price": "90191.5976",
    "type": "MARKET",
    "side": "BUY",
    "hash": "0x25c6b1354d273cbb545c5e3bd53e8ea93d37e12f78ab0813910ea7a277c70d73",
    "orderHash": "0x017186ecc2f72a6fb97093f5293141dfd1e3852edb97a64084414d7d0be12893",
    "taker": "0x27ae44458ef5b82da49f74af5dffb1e830e051cb",
    "maker": "0x9e67e5fa58eed58b5cfb639464ffce6e167fb8e4",
    "pairName": "BNB_DAI",
    "createdAt": 1505218172368
  },
  {
    "amount": "5974.9409",
    "price": "75410.6065",
    "type": "LIMIT",
    "side": "BUY",
    "hash": "0x6d827ac945b39b8cb46c21aa19c0e1116e2c8c07353d6699167a24ce142a33cd",
    "orderHash": "0xa3cec39b796b72d3687d936dace73e8b24b683c48839173ea685c62dbc92378f",
    "taker": "0x6be7d485aa191b3c5bce0619799f0b98b7cd8cf8",
    "maker": "0xf13cfb91756ec765d7a52df94332f3b41503fe2c",
    "pairName": "BNB_DAI",
    "createdAt": 1507966716263
  },
  {
    "amount": "4740.9208",
    "price": "62230.4448",
    "type": "LIMIT",
    "side": "BUY",
    "hash": "0x4ff254c72be51f6cd0739c26ee5cf230948e4ea449d7b41a9f5594a751608cf0",
    "orderHash": "0xf030c608de01cb467b0daf97b99322bc1b4ac910a5de316cfe916c8e236e0de7",
    "taker": "0x0b70e3440a5f5abc6d19b98f1bd0062112aa9884",
    "maker": "0xd75b92524b9ce460b2589cf26628101c5e262e22",
    "pairName": "OMG_DAI",
    "createdAt": 1500932722801
  },
  {
    "amount": "6386.6419",
    "price": "62437.1811",
    "type": "LIMIT",
    "side": "BUY",
    "hash": "0x19bd3121aa39fb80fccdba13194e1e47838494f8789af8d4c954d9ce9a8afca3",
    "orderHash": "0x14acd033cb40c7f705f83c4e9a729c959c1dba907c084de5b901d5e0b8036561",
    "taker": "0x1ea7819f768c31c447601ab3dc11ef10386af5c0",
    "maker": "0xd4fbbc7ecf5966d824fa90e9c246f87848ccadc3",
    "pairName": "OMG_WETH",
    "createdAt": 1508442421608
  },
  {
    "amount": "4123.0365",
    "price": "41199.2421",
    "type": "MARKET",
    "side": "BUY",
    "hash": "0xb4c751ff69defad0f9ab272b2a7b15483557f877ca23e0c82ec9842a2278d259",
    "orderHash": "0xacc20d6c876a59e15376f10f3b5439dd04e9ab9d75ef0a67411cc3a269783f9c",
    "taker": "0x38490e750f5eaa1d23952bcfbbe59288ff1f06f7",
    "maker": "0x7fde9a47675e8b5373c5f1d169c81af3e98f5fcf",
    "pairName": "BNB_WETH",
    "createdAt": 1501099938616
  },
  {
    "amount": "214.0341",
    "price": "35033.1175",
    "type": "LIMIT",
    "side": "BUY",
    "hash": "0xb6c4c38ce1f8fad46c689c2a44ee0b3052dca3261b858db93f7ddf69955e47ee",
    "orderHash": "0x0a382ffa1cfdaf5f35290946bc9fb950b2f2c13b5102066f3a56c3cba80440e2",
    "taker": "0xd0a7bfd553856caeb0304c6d487ad7eece809602",
    "maker": "0xec4483950ebef14138b46df519cee39f7a82dc5c",
    "pairName": "ZRX_DAI",
    "createdAt": 1513575201602
  },
  {
    "amount": "7092.1748",
    "price": "86244.7703",
    "type": "LIMIT",
    "side": "BUY",
    "hash": "0xd2ed18478854fa30c77ddfafcba3a0389e0af444a4d9ad1f891996a00a617128",
    "orderHash": "0x2bbeeeed70bf77ba3807aa19f93fd338a59604fc69f8856dc90bebd34b203a2c",
    "taker": "0xfe9aa355fcc9622460e3ef3e825a64d995696595",
    "maker": "0x13ada549fd1a72ac9aab5614f32d2777bac57310",
    "pairName": "BNB_DAI",
    "createdAt": 1516935187418
  },
  {
    "amount": "4796.2496",
    "price": "72003.0900",
    "type": "MARKET",
    "side": "BUY",
    "hash": "0x851ae38b474a19f1ef01fd1df7640876eaecddd1f5c4dfb85681cebd6b53e333",
    "orderHash": "0x879147458750f3ab6360b03c4e471cb51b0f5c36dc7a59db72595f2ca0a3437b",
    "taker": "0x85faaa027299c1489a1d2ab0f9d55e27f84918f9",
    "maker": "0x6e90d55de596ce468088dbf24a9c6fcd3e44d5e0",
    "pairName": "BNB_WETH",
    "createdAt": 1501849898594
  },
  {
    "amount": "7077.1566",
    "price": "19213.2009",
    "type": "MARKET",
    "side": "BUY",
    "hash": "0x17fbe5936baa9764cea7caf480cf44b2ad1cdb1cd31f6a1f8d1833c7f0a99fa0",
    "orderHash": "0xb775bbe4f3b988bb597b35f06cc452a7a325a8f6a8aa13f65b51b76c799c248b",
    "taker": "0xb7d4c47afebc59ca7ffbb156e55abcb9fc3411a1",
    "maker": "0xab8ccd9277690a20dedcd39bd81261e8144ceca9",
    "pairName": "BNB_DAI",
    "createdAt": 1511338908931
  },
  {
    "amount": "9099.6480",
    "price": "20993.4893",
    "type": "LIMIT",
    "side": "BUY",
    "hash": "0xc24b307ea7f6183f4cb08cb96aeed29e45b2d316e93c615016ca78455dd6ce82",
    "orderHash": "0xf3e3bd1db83f974b99a2a07fba5304a00fea80bd8db1d955bf60a617f85ef31f",
    "taker": "0x5e00668208bf32faf7e3c2dbd3a1f0a3b148dce4",
    "maker": "0xb73a7d6f51448d5d5c19771c4796e6d52e7fa742",
    "pairName": "ZRX_WETH",
    "createdAt": 1502319626277
  },
  {
    "amount": "6683.5644",
    "price": "4085.4985",
    "type": "MARKET",
    "side": "BUY",
    "hash": "0x432e39d7f1fe67a7918cf90fe3b892b5fc591f785a64144aa1eac2221c600fcf",
    "orderHash": "0xa79444f6fc3aec238f66e85f95c94f3396729997dba9fc2efe3425893c65ec36",
    "taker": "0x442e93daf0bf2914b8722f1de7e7b5c377613ca0",
    "maker": "0x565bcc5fa691c3b4cfb072e0095e9702805766f0",
    "pairName": "OMG_WETH",
    "createdAt": 1500364975296
  },
  {
    "amount": "5098.1190",
    "price": "19421.7025",
    "type": "LIMIT",
    "side": "BUY",
    "hash": "0x205928cd33d8c91358d3b8bf91ac2e04f21e5fe0f9d377d2c173973856c6db68",
    "orderHash": "0x691871baeeabb2dc55a5b352f40f5cbfe2ca4d752bc3dd2fa0e31b072790bf2a",
    "taker": "0xac060c07a8a5d6fe0d27685d3cfe68c7512ca65f",
    "maker": "0xa7eddc538b412f202323b56cb173b2caeda3ef8f",
    "pairName": "ZRX_DAI",
    "createdAt": 1517376112242
  },
  {
    "amount": "8674.9887",
    "price": "20717.6849",
    "type": "LIMIT",
    "side": "SELL",
    "hash": "0x5db9a0c36e44314bd58a11549f664b31b761634612943134ebde5a02b101f106",
    "orderHash": "0x92130878aba5a37547da5f0f7aaa20dff382501898f80f463bb2fbdd3c9dbeb5",
    "taker": "0xbb0dda9270de81e9a09272d9508d3ae3506b5e32",
    "maker": "0xb7654d6dfe96106938431ec20037a88d1e60fb31",
    "pairName": "ZRX_WETH",
    "createdAt": 1500307820659
  },
  {
    "amount": "8509.5106",
    "price": "69052.1095",
    "type": "LIMIT",
    "side": "SELL",
    "hash": "0xc7e5a7499ef8c3587d3d7fb4ad722ebd012eb07ee4fe9dcddc0bfc0d35af1a49",
    "orderHash": "0x7b39cd16e108f49fd3bb61551c072ab13e33c4b980b1a3906544db01e0b7f990",
    "taker": "0x1bae4d1685e6306b6e1397058252e9b82c537cad",
    "maker": "0x50c6550115289ed1850764f6a1af6f1d95a3a426",
    "pairName": "BNB_DAI",
    "createdAt": 1513781850013
  },
  {
    "amount": "4607.9066",
    "price": "76708.8385",
    "type": "LIMIT",
    "side": "BUY",
    "hash": "0x7d0e69f1d2708210f5d95721c533ffa2fe55097d6c41060d78632aa842a92197",
    "orderHash": "0x45b20b5940a651bc5cf4527cd76fb03092defcc14479f5a6afe6505e49125e48",
    "taker": "0xfd92ad829a8d0f1c7d4881f8dc79e0807fc58293",
    "maker": "0xbd9605a8038c40be12268c222db867290f49ac24",
    "pairName": "BNB_WETH",
    "createdAt": 1514027246137
  },
  {
    "amount": "5170.8478",
    "price": "39372.8132",
    "type": "LIMIT",
    "side": "BUY",
    "hash": "0xf64b2aa94966dcfcef13185049e884d4e4374f80b8673365b4540f93d39044ae",
    "orderHash": "0x75cf44d806b456bde98e8e33f08056e3d878527f7d051e93e1fd22ef01ef9b8b",
    "taker": "0x7935b5ad0da9f710bd5087640afbaeeca82a7377",
    "maker": "0x922a53686b6007a3a9f602a6a140c2d2158fca09",
    "pairName": "OMG_WETH",
    "createdAt": 1512930463002
  },
  {
    "amount": "8524.4355",
    "price": "46127.2590",
    "type": "LIMIT",
    "side": "SELL",
    "hash": "0x883af194a8ce5dc87f48619dbae3aeb72926e0fc8c35d2320da4dc5b4f3c9e63",
    "orderHash": "0x47d3b945c493f221e6380f6ed22ba6761dd0c240a78d4136bc0bfe21a38fbbc6",
    "taker": "0x68f7947d387f98eba7ddf1c566aeff63cd7f1776",
    "maker": "0xc2dd296adddc125ff301fc63ab8a8f10a1cbe01a",
    "pairName": "OMG_WETH",
    "createdAt": 1508765686472
  },
  {
    "amount": "231.8119",
    "price": "23047.7100",
    "type": "LIMIT",
    "side": "SELL",
    "hash": "0x29e93a0588102489b4fed49754ef4903821c89062993cae655935a37d1e2c200",
    "orderHash": "0x01d5e5b280c4e357d3470d661ea1802cb270af060ecd16dc83e70764d979bdb5",
    "taker": "0xd1c86d1d76e31151ce4120b8f8ca99fbeef0112a",
    "maker": "0x0a19c5c19b5195601f20fa6343ff9919ddaca9df",
    "pairName": "OMG_WETH",
    "createdAt": 1511639586366
  },
  {
    "amount": "2359.5932",
    "price": "21083.6310",
    "type": "LIMIT",
    "side": "BUY",
    "hash": "0x6648fc8eeccae5f9ecb4c522f3d13dbe07c89ff97b1f07e38e5f168fbfe76b11",
    "orderHash": "0x41afc87291a50651b75f8d821565c3033f3760e0352cbf8d37e340cfe478eb73",
    "taker": "0x3ee37dee99ceb0e5226331b73862fb5119d81c5f",
    "maker": "0x556a077322fdcc26a2b978e64ae0632f83a7190c",
    "pairName": "ZRX_DAI",
    "createdAt": 1518371705727
  },
  {
    "amount": "2425.7890",
    "price": "74690.0066",
    "type": "MARKET",
    "side": "BUY",
    "hash": "0xa828b5a2690f90279365dc93f743b122f5a26202f61f12fed542d6decf5084c6",
    "orderHash": "0xdd4d1180cbe7781729c02cc114f7932a45a7b10f901223b27bff1f487d966c65",
    "taker": "0x2043676eb86282e0160f2c7d688443460e240933",
    "maker": "0x61b3cd7a283a04051007e34ac736c7d5dfdbac39",
    "pairName": "BNB_DAI",
    "createdAt": 1516724265670
  },
  {
    "amount": "2790.9103",
    "price": "99047.4763",
    "type": "LIMIT",
    "side": "SELL",
    "hash": "0x07f7551cbacf05dcbba50ff7c4e3d8954bdc06716835eae2cc4d81c8d9f676df",
    "orderHash": "0x933c7d58e61e8b4d2c93bcedfc67a8b0607f9bfb7ac668bec58e7ae3479f08c2",
    "taker": "0xbeddfaeeb765e4bc7cda681eab8126c0e275ef3e",
    "maker": "0x9c603f9c47c823224e91e871ae90d8a7dfd7420c",
    "pairName": "OMG_WETH",
    "createdAt": 1512670881030
  },
  {
    "amount": "2435.4582",
    "price": "96538.9994",
    "type": "MARKET",
    "side": "BUY",
    "hash": "0xf4a555dd72d4b19fd4d84ee1678764a08a362b7ea1bde3aa2bd2e8087b42d681",
    "orderHash": "0xa0094f1074a8f150b45f38cf0f00dfb6d356a75ccb1e594f557ba02985a386c4",
    "taker": "0xcf9dc42ab77bc4eeff12697092f6bd60e727c937",
    "maker": "0x590a172d908e8de2ebea1b1d1d77b95b90e491a1",
    "pairName": "BNB_DAI",
    "createdAt": 1508263092635
  },
  {
    "amount": "3108.2172",
    "price": "86760.1248",
    "type": "MARKET",
    "side": "SELL",
    "hash": "0x5dab9dff545d51950c84a7c4201e18761ef9426e9f363f5412d98bfcf6faf107",
    "orderHash": "0x3aca49ea73799685aff84909ead20cf4ba698322051802fed84b3be4a5ec4d2d",
    "taker": "0x5e08b3fb854ca2f50041f62c2507155c9dabbca8",
    "maker": "0x0d7c73da8dc8e39ace344d3dba8476ea7f33a92d",
    "pairName": "OMG_WETH",
    "createdAt": 1514725886997
  },
  {
    "amount": "4647.5777",
    "price": "69983.9896",
    "type": "LIMIT",
    "side": "BUY",
    "hash": "0xec58adf074f9080fa23bf92c0c44a733a79899e46c41e28a670040a1382160ef",
    "orderHash": "0x39b42de951d5520da6e40f77af87d4f6a2188709297b76556b4c9396920801ce",
    "taker": "0xf0b0f2a89034b7948e7649b3e7d4cb6b6bc834d0",
    "maker": "0xa617196ff3e03de1cb44a039ff0a79de8ac74aba",
    "pairName": "OMG_DAI",
    "createdAt": 1501824855228
  },
  {
    "amount": "3030.9650",
    "price": "19235.6561",
    "type": "LIMIT",
    "side": "SELL",
    "hash": "0x0e5a91fa1a177c996ab3c1aa1f73916c46ac6dc30cfdeba105e067e0549350cd",
    "orderHash": "0x66886bd8124319bfa29f8a18f97199d601f2bf62db6968b9a0f06f5b55955890",
    "taker": "0xd83736cfb82f13dd1e1146cd5d844c6bb614201a",
    "maker": "0xe25ac3ec0f1d8c034b8f0a4517c550832b5fb047",
    "pairName": "OMG_DAI",
    "createdAt": 1513147363214
  },
  {
    "amount": "4263.1226",
    "price": "20627.5383",
    "type": "LIMIT",
    "side": "BUY",
    "hash": "0x20dc520fbc833b9c761fc0016d632a8294a5c4f5ed0b69061e22e52bef84210a",
    "orderHash": "0x3e93835a8b0f9e6077c4b6dd9663f11a26015017c9995da21e02ab20ea6ebcc6",
    "taker": "0x47e94d903fdf8893164c9d82b85defe31523db0c",
    "maker": "0x7392602b15d48f2f2a483be021c760400109650c",
    "pairName": "OMG_WETH",
    "createdAt": 1517132832308
  },
  {
    "amount": "959.8066",
    "price": "13109.9232",
    "type": "MARKET",
    "side": "BUY",
    "hash": "0xcb9fd5188d279972b947d026b7d7bec9d4c6b928cdc64740e91efde5051affa4",
    "orderHash": "0x7bba8c1f22dc85cd32d859bb107514c129c317e90df8808de8697da7549a9740",
    "taker": "0x93f50b0ed7ab618113e55521ba2f014be57db511",
    "maker": "0x13f0df4dc5a16d77ae2ce800ce5d1506f47ce710",
    "pairName": "ZRX_WETH",
    "createdAt": 1517013935568
  },
  {
    "amount": "9016.0103",
    "price": "68741.2848",
    "type": "LIMIT",
    "side": "BUY",
    "hash": "0xab0c5ccfa08cbd09be91c05a38cded93db60d3ac7c22241d68c0556cf41fadce",
    "orderHash": "0x4d6571c9c478ec52300068aa8eb7551a76d71484c9d451936df3497a1cd84752",
    "taker": "0x2b9f4dda621b0cec37f52785d50163c4a1e59421",
    "maker": "0x0788b3b746c6b99545d6e4164c56139f87b9004e",
    "pairName": "OMG_WETH",
    "createdAt": 1516317871238
  },
  {
    "amount": "5705.1196",
    "price": "14601.7049",
    "type": "LIMIT",
    "side": "SELL",
    "hash": "0x5a0e4fe058bf7c9d219f51866fc66f162470a80c85b272e279794644219ea5fc",
    "orderHash": "0x6dbdcb858dcf1a4a628c4b73dede7eab1868c5642d1ff006c0bf06002acd1721",
    "taker": "0xa8db6b8514ac44653e98a2818e3f9c3d0d466c2f",
    "maker": "0xb93f2c7ab68c6d2087294d403520b24417a0c811",
    "pairName": "ZRX_DAI",
    "createdAt": 1511606429511
  },
  {
    "amount": "4075.0872",
    "price": "3201.0963",
    "type": "LIMIT",
    "side": "BUY",
    "hash": "0xf6a0bbe76657610dd22771d3f25fef83e460f2fc8513859dc7004fad4f281474",
    "orderHash": "0xc6f74dd2f805c813aca9a2aca748a36c5b734b6c309adee903eac4dcc1106770",
    "taker": "0xaee0b8e0503785e72102d2b4659450fc0ede9ffe",
    "maker": "0xb6d7c80f0e53cd54690684d9cc4d353441b889ae",
    "pairName": "BNB_DAI",
    "createdAt": 1503745576730
  },
  {
    "amount": "8087.2901",
    "price": "92823.0083",
    "type": "MARKET",
    "side": "BUY",
    "hash": "0xf38b09b0c14bf82ec321c709873afdab5568a26cfd7a37d72cb0fcb6de7dd89c",
    "orderHash": "0xf3e2942da88321331717d3cec6e3890f727b271c227b1df633e37e578a4b4bff",
    "taker": "0x5bcb5709431ca565246c578aace043b4c7d067e3",
    "maker": "0x50873bfcdc019ee3ffb90dd4a97d1c9ad9156713",
    "pairName": "BNB_DAI",
    "createdAt": 1515648815221
  },
  {
    "amount": "4801.6527",
    "price": "82728.6142",
    "type": "MARKET",
    "side": "BUY",
    "hash": "0xba4af9634293360b105e76e3f500b0ba6d30e5249941a0a0426321a8f031392d",
    "orderHash": "0xa3b0d31d2bc595aa6645dd88a65da227747495a3922d69b7000600183dda2030",
    "taker": "0xd4e1f3e567fc8b32aa722744c8be2d4e04f97246",
    "maker": "0x725be1a4e4eca6d3975e5f4d2575a258a0084fbd",
    "pairName": "BNB_DAI",
    "createdAt": 1516160270196
  },
  {
    "amount": "9361.4622",
    "price": "8938.2635",
    "type": "LIMIT",
    "side": "SELL",
    "hash": "0x0e864f7b24884f30ea531c35aa1aaee9c20ec4c6883a4fdd7859eb68986e71d6",
    "orderHash": "0xbf85924c75000098eaf6358e3b1c88992cadc24f0f8094f70dc100fdbc61de58",
    "taker": "0xfd10cdcc5a703cdcad22fc0e60cf51112d1116ab",
    "maker": "0x38e3f4264469cc49f1510ede43ab4647c35a34e8",
    "pairName": "BNB_WETH",
    "createdAt": 1508929067884
  },
  {
    "amount": "61.5200",
    "price": "1257.9556",
    "type": "LIMIT",
    "side": "BUY",
    "hash": "0xfd035d4e6c7167768dcf957227c44a5fef4e6ba8593f2e22994be1f18ba4ad42",
    "orderHash": "0x569b47ecbc9e57dae281419e03d2929848fad648c522f24a6e9749b5f7c33fe9",
    "taker": "0x337cd56abfa6f756bc3ca8bc3c12265ed2269629",
    "maker": "0xf1a2478b0974c69f0ee34a460a03cc6da31b55e3",
    "pairName": "BNB_DAI",
    "createdAt": 1508502355790
  },
  {
    "amount": "2178.2251",
    "price": "80566.2137",
    "type": "MARKET",
    "side": "BUY",
    "hash": "0x4611954cc63291e7dfceb4d2e421c4e118264b5362c481a108fdb41e44cb94d4",
    "orderHash": "0x96a23a5b517d30374f72795dc6510013708ad9021fc68be1f014e9ed584d4656",
    "taker": "0xbd6e28210f46ed522bf014e264587fd6e49a4fa7",
    "maker": "0x8d0e6f737e493e610e19392fb5a250bbc1d313fd",
    "pairName": "ZRX_DAI",
    "createdAt": 1513551123512
  },
  {
    "amount": "376.7800",
    "price": "3183.9961",
    "type": "LIMIT",
    "side": "SELL",
    "hash": "0x7df4ec96c9a9588575b0f1d931ca2746b529b12d261f6a01de5210452a09a7ff",
    "orderHash": "0x8142e0e78512feaf61ccc4c7475aa91d0a87d79d27232dbd77eef4584b4eb8de",
    "taker": "0x6bed0786d343617418132e189240650f2809d14e",
    "maker": "0xb119ed259f14793a53502c88bcfab785ef58224c",
    "pairName": "ZRX_DAI",
    "createdAt": 1503062255654
  },
  {
    "amount": "821.1847",
    "price": "62799.3215",
    "type": "LIMIT",
    "side": "BUY",
    "hash": "0x18cf48f3afd7c5698faceae0a64e5d6ccbd90d7480bce238eab6bc9203669578",
    "orderHash": "0xde2ca1fe1d2cf92ed1fe38cba06b35235658c486ed0890960c251d75dc5d68a3",
    "taker": "0x87c61ff81d7fa481000a73996830aba317d689d0",
    "maker": "0xb0d39de24b885775848a3c390dc41bed96c018e5",
    "pairName": "BNB_DAI",
    "createdAt": 1509259300953
  },
  {
    "amount": "9455.8094",
    "price": "36004.4934",
    "type": "LIMIT",
    "side": "BUY",
    "hash": "0x1d6c30c31ba85c826184376f30f41859c4a00faf812874dc77a1ff12a2733ab1",
    "orderHash": "0xa301b2d50c31ddadf066dcaa77e44c98c3757be41d2f4cac531d18b5a8917fd6",
    "taker": "0xbf49ffc2dd62e151e39658456e9d40e54bf22861",
    "maker": "0xac5bd9ec35d55df213726aa7e4e663d9d335ebb9",
    "pairName": "BNB_DAI",
    "createdAt": 1512533130618
  },
  {
    "amount": "6049.6934",
    "price": "73573.0089",
    "type": "LIMIT",
    "side": "SELL",
    "hash": "0x02b7f19c4f406a8d742a38ca5ca0506b79d4fecef917ef11595827a10035d438",
    "orderHash": "0x30715dd7995caac1e6b986407fb2a4bc8fc124064f10c2b034d0391ff39e798b",
    "taker": "0xbf2648c2571535b7664ed005aa58453e412a600d",
    "maker": "0x696eeeab4294440560f96b7fb27945a95475e393",
    "pairName": "OMG_DAI",
    "createdAt": 1506234049124
  },
  {
    "amount": "3222.8765",
    "price": "12113.6761",
    "type": "LIMIT",
    "side": "SELL",
    "hash": "0x63075b99cf7e9024b27b2c05b0dd9e4104610b7f04371be7ff64194ece57ada8",
    "orderHash": "0xb2a5408b7e57324bfaedb4ec43b91ca1b512f44abdb10af83bbb92edddaa83d6",
    "taker": "0x3760a9f580b72d88958f29978876c821efc8e82c",
    "maker": "0xc434ffb9bae1b7a0f3586303523216b2ab656cf6",
    "pairName": "ZRX_WETH",
    "createdAt": 1504348031971
  },
  {
    "amount": "5837.3997",
    "price": "34926.4643",
    "type": "LIMIT",
    "side": "SELL",
    "hash": "0x7d94e9b231cab64d6393a887465be1c6dd28c4600b2de05bd419aedc98aefdae",
    "orderHash": "0x0f184409808356bf1351d02728d7d518ac2df9383f62db3d23282378816ca567",
    "taker": "0xa8c9c17e8be473cc7f608fc9037a64d685b3a691",
    "maker": "0x60b63de21b97092a54a46bffb8f9f6537fc8d47f",
    "pairName": "ZRX_WETH",
    "createdAt": 1517884021319
  },
  {
    "amount": "9591.4133",
    "price": "66475.6489",
    "type": "MARKET",
    "side": "SELL",
    "hash": "0x71734586a36b3aaa94b7c4551458bff4e3483de894c6bd5451b6d981739dd96b",
    "orderHash": "0xcf2eea5996aa4bf162e180d2da741b5d2f405e7e73b05dda91654621bbce9a4a",
    "taker": "0x3516049f21c466d6225ef9571b19dd0f58c4a1f2",
    "maker": "0x926da96a06e5a080b7757fa4c293ca54f2be871a",
    "pairName": "OMG_DAI",
    "createdAt": 1507553698840
  },
  {
    "amount": "4637.5815",
    "price": "70025.7339",
    "type": "MARKET",
    "side": "SELL",
    "hash": "0xe9a827ebbb60f38b2fd23b83a4892ca8e092c58ba7d917926cda880c6ad00fb8",
    "orderHash": "0xb95798986355d6dfa5ee525666769f6a9d4c7cae39443a5649af08354541c11f",
    "taker": "0x08a69c198409129513a38cfbfdc2fb7261ce1b47",
    "maker": "0xe1a104367b31471f926fdb5d57ad42e94d9c7eb1",
    "pairName": "BNB_DAI",
    "createdAt": 1513204732666
  },
  {
    "amount": "2028.2670",
    "price": "58219.9478",
    "type": "MARKET",
    "side": "BUY",
    "hash": "0xba4c2cf0fab21239d85ef3c4d006b2a32a8683acfbac130a1e194b7a6bfd49c6",
    "orderHash": "0x2e68b48fd16255f3f5d00cb31601d67e06864327ac664fa796611e8fbe4132ab",
    "taker": "0x5cb98466183f1d733ee53b7f8ce593a4545232b6",
    "maker": "0xa5f2203544b4dcc9a8ee5ed8148df7736e74a28c",
    "pairName": "BNB_DAI",
    "createdAt": 1515155576851
  },
  {
    "amount": "1852.2730",
    "price": "76926.3494",
    "type": "MARKET",
    "side": "BUY",
    "hash": "0x8edcb20335e20d37d9466715ddaad3274cccb4cc2d7b29911e04751e24c933de",
    "orderHash": "0x55913e6ce0666d6b830c798c9843beacc9de35001149b08e64b0cdfb2b4f48c6",
    "taker": "0x0bbe4a1c0e407c1b341575763ad7895fc895d34c",
    "maker": "0x9014cdfd8dbf233d3fc974b0ff6b12fe0563064a",
    "pairName": "ZRX_DAI",
    "createdAt": 1506177326240
  },
  {
    "amount": "7384.1086",
    "price": "47720.7644",
    "type": "MARKET",
    "side": "SELL",
    "hash": "0x23158f22b7f06f64055579403cf7da37d9a9dfd31e98f5e4bce6cd7fc8a2152b",
    "orderHash": "0xfcce84dd0563f2c75caf0bdfeaf90901a3c5b5b2f3225a6d3024570b1dc542fc",
    "taker": "0x9ac9e0d21232199038a4a4e2f495536039e71753",
    "maker": "0x9fd098ca2acee6832c1688800556adf011142dea",
    "pairName": "OMG_WETH",
    "createdAt": 1502005232014
  },
  {
    "amount": "3101.9956",
    "price": "66483.9358",
    "type": "MARKET",
    "side": "BUY",
    "hash": "0x5ac7c3c8224ad938fb7af00a1aa3791b36851ee722c1b664ec77d6b755d1034b",
    "orderHash": "0x483cf7be1e97cf6be7c948820c055f642e36b0f1be22953a6612d8e3e2234319",
    "taker": "0xa875ce3c089b4b7e14625c8203bba82ea9111ef2",
    "maker": "0x4a8832f11de0832dee04a3db9d189fa26cc6bc49",
    "pairName": "ZRX_DAI",
    "createdAt": 1513426202698
  },
  {
    "amount": "6228.5213",
    "price": "27392.8073",
    "type": "MARKET",
    "side": "BUY",
    "hash": "0x59bb644556daba104ad68bab98b5049c3cc7ee11650499c200d49b5301974560",
    "orderHash": "0x0d644b8c2d967d4748351a64f8b38bbc71978366dab8827a52d948197d3c36fc",
    "taker": "0x8d1aa12d62a21cee91f3290e534381e7a50ecbe9",
    "maker": "0xedd2644159c3f9fadb9df6b93921450193939f11",
    "pairName": "BNB_DAI",
    "createdAt": 1508668227524
  },
  {
    "amount": "9449.9532",
    "price": "75029.7904",
    "type": "MARKET",
    "side": "BUY",
    "hash": "0xb101288eb1b0d731fd7ebb611562e183b30215f71efc5b08961e104ecdae3718",
    "orderHash": "0x256e2a64b654de133fa0b83edf688aaf35a4dce0c5d0fbe1f1e7c3611163035f",
    "taker": "0xb7379db5d3aa7480bae2574db26c5aad8a6c1269",
    "maker": "0x912ed93493125511121ac6c66ea9b77404408786",
    "pairName": "BNB_WETH",
    "createdAt": 1519383140887
  },
  {
    "amount": "7884.1860",
    "price": "62115.7148",
    "type": "LIMIT",
    "side": "BUY",
    "hash": "0xde7bd3cd9ae9913e0c8151c6a74ea3f1c3e5d52eb916187a29ca929457c2a5d1",
    "orderHash": "0xbdf77017eb20077b96ccb6d123712ff764af65d1c0c1a2f0b504ac93747b67fb",
    "taker": "0xc1b756c7855325767004f4808668f7485b46b033",
    "maker": "0x13d12cd1575d9f3dd78ad07ec98cc108068503ef",
    "pairName": "OMG_WETH",
    "createdAt": 1510144486894
  },
  {
    "amount": "5683.0165",
    "price": "18816.7077",
    "type": "MARKET",
    "side": "SELL",
    "hash": "0x2ed9652bcc6cc65c2b89b9071d9589cfe2176ebc6e27ed84bed07544888a56ed",
    "orderHash": "0xf5def5aec310a57344b8a050f0138f111d372d0480ec2bc3a24182ffb0ea5dca",
    "taker": "0x741f0b77a1b7058f09c5ea111ce87930a95a205f",
    "maker": "0x31f7d00a6d896269b84b5628c2ec0f20a3b30a6c",
    "pairName": "ZRX_WETH",
    "createdAt": 1507696389889
  },
  {
    "amount": "2597.4021",
    "price": "17664.3957",
    "type": "MARKET",
    "side": "SELL",
    "hash": "0x5a883fe25e29a99bbfdd2e0b4f4b022397bc46ad32a31cc9edf9c5c781de9369",
    "orderHash": "0x35aa08c308cedfbef3a84618e1110640ab4738a28c5f0e1ba8ca1e6b429dc97e",
    "taker": "0x3b8d5780722694587bfec2bdf785c344e5dcff86",
    "maker": "0xfe7a34bf48c76dc03e96964361a6e8f533b68993",
    "pairName": "ZRX_WETH",
    "createdAt": 1505252182733
  },
  {
    "amount": "8943.2156",
    "price": "90298.3350",
    "type": "LIMIT",
    "side": "BUY",
    "hash": "0x6d01c650f1bce054697a5dfbac9e22887701e52a888112014a2bbebe616e9b20",
    "orderHash": "0xe64d56d5f3fe5a7d5979e9b1af1467949c9a16d5d39da6ef1ab1dea97d5b3f59",
    "taker": "0x6228dfc964f011e4d35f3e6b363bbaa2651cad47",
    "maker": "0xf0dc5ea9c4b3a3f6bc16e1a4b00796de713dbf4b",
    "pairName": "BNB_WETH",
    "createdAt": 1510212078082
  },
  {
    "amount": "2859.0560",
    "price": "39134.9161",
    "type": "LIMIT",
    "side": "SELL",
    "hash": "0x903f96e240494766c16f5342105d6b268a3aca141119cc57b4d4577a90ccf8cb",
    "orderHash": "0xfc04603b7e44472e5e92a2278ed8e7fc54f5d800044ca791dc9e37ca281fe00d",
    "taker": "0x7e6eb3bc84beae6a849a366f8b64dccffb9e956a",
    "maker": "0x4417f478032310f3a9983af25812cccc0adf05a3",
    "pairName": "ZRX_DAI",
    "createdAt": 1504798010394
  },
  {
    "amount": "561.9227",
    "price": "34873.6405",
    "type": "LIMIT",
    "side": "BUY",
    "hash": "0x52e9def6daeff5a1e6667fa704f2b642cfb61856072699ffd3dc108b01a0fe35",
    "orderHash": "0x5861fe55ae085a68609625ae6cabe84c4e01c729cd9d7fe414d76d44caecb46c",
    "taker": "0x95e054317d17809296faec2210d12e504d3adce6",
    "maker": "0xfeecb4ee7f8b794dc5f2042fc6c2e2a60b1e8c2e",
    "pairName": "ZRX_WETH",
    "createdAt": 1500446562974
  },
  {
    "amount": "4350.6185",
    "price": "44936.7742",
    "type": "MARKET",
    "side": "BUY",
    "hash": "0xff5a2ea9084281fc00bff3542788e2cfcca323fd5557dd4f71929f93a1d8bd7d",
    "orderHash": "0x79c5c96ff8656513b8595f17b02a79acda7bdf4c7471adc97f1372e6ebfee441",
    "taker": "0xf0649f86ff73247c2d584489fc3c8d6808a31d71",
    "maker": "0xd8d75e5a00ee9fc3ef29d7746ed788b05e5fb011",
    "pairName": "ZRX_DAI",
    "createdAt": 1511749103769
  },
  {
    "amount": "6564.4584",
    "price": "53824.0177",
    "type": "MARKET",
    "side": "BUY",
    "hash": "0x61842309b963f305c7e4f3b2238424b0b4b74d31ee7276c0dcf23a8cfcabc2fa",
    "orderHash": "0x022d40b96d587476ae6639160dfdb2c917e253106cc1928bacbcf305d83c651d",
    "taker": "0xad3db1b969913f9f878d4370561d77861165ad4e",
    "maker": "0xe7e116fd09cab21aec44b0b03e4c8f595e549a20",
    "pairName": "OMG_DAI",
    "createdAt": 1502343029054
  },
  {
    "amount": "4313.7894",
    "price": "23623.7307",
    "type": "LIMIT",
    "side": "SELL",
    "hash": "0x43ddd9668cf3c425adf881a9614b2b6a73f614935f32720858ceae99dd99cb9a",
    "orderHash": "0x32e05c18ae778ec10fedcb5fb969c97faa7e074c97bd55aa11840c48412d797a",
    "taker": "0x97adaa782c317ac04ed5df739b7aea8b430d2260",
    "maker": "0x96b7c5da2c99172124540a7d902730e43d7f9d76",
    "pairName": "ZRX_DAI",
    "createdAt": 1501355663769
  },
  {
    "amount": "7305.9704",
    "price": "20824.4076",
    "type": "LIMIT",
    "side": "BUY",
    "hash": "0x9224fd73e93a3ef1346c8236446b075aa8e2185ad911c6b27288efdcecb20d4e",
    "orderHash": "0xa6715b9b625096bc6ad7bc32e5e8a8257ee2c77a0364140970ea9dea7d846937",
    "taker": "0xb271eef9238b552ebf2a3baad3906545829f25f3",
    "maker": "0x8afaa404dd561dec4d35072cacb42fde70c4d8b6",
    "pairName": "ZRX_DAI",
    "createdAt": 1516934956056
  },
  {
    "amount": "7473.9255",
    "price": "52200.9143",
    "type": "LIMIT",
    "side": "BUY",
    "hash": "0x4dc22a0b269869360deb740e867b29ab783ad3a67f6da18591b1982a0f587178",
    "orderHash": "0xad4f7cd3f35d3a5beca1e67b37fcf276037a21ba241258bcc46e33f5a3b0845d",
    "taker": "0x9dfee78b6ac5f9a7c41beb18749cb190f27bbb6c",
    "maker": "0x4de8561269f667e4243934972ea991c9278665d1",
    "pairName": "ZRX_DAI",
    "createdAt": 1518095077963
  },
  {
    "amount": "8117.7766",
    "price": "55308.0230",
    "type": "MARKET",
    "side": "BUY",
    "hash": "0x3e1a57b09f26a1bab69ab166a0769f46481bb64685394fa1d3b0e07dae1595ce",
    "orderHash": "0x7cc03f68267d77d57a81aa20c64555fded2e76d40e9380ebd6f57570e491a4a8",
    "taker": "0x59052fd4cdc01100146bca25b6700d6df5342bb8",
    "maker": "0x48ab4d890d5ae9a2d05aa1cd8671b916382f74b2",
    "pairName": "OMG_WETH",
    "createdAt": 1517592360144
  },
  {
    "amount": "8242.3562",
    "price": "20878.6799",
    "type": "LIMIT",
    "side": "BUY",
    "hash": "0x9ab786a8b151083d3aef8a0022499fa9be91976b9bb5a42b82798a1369cee661",
    "orderHash": "0x53aa3599042164ff8690bbbcaf4b7967d2b25c7e94e5dac228414b489754d12c",
    "taker": "0xa82cabee5a135cc9ed095e9511068b352533067a",
    "maker": "0xe893b1b6de3617ff6af1a1e8aec76e2a72a6c068",
    "pairName": "OMG_WETH",
    "createdAt": 1518416592298
  },
  {
    "amount": "9843.1204",
    "price": "16888.2102",
    "type": "MARKET",
    "side": "SELL",
    "hash": "0xe0e1bc2305fdb32cf4218fe1e439c4ae81d1207c112223d282c1b2e37982e99c",
    "orderHash": "0xb461b00108cdc461052fb4aca1aac5413c46ff31e2503d3cd9336b3e4694297c",
    "taker": "0xa9a664e601c40756506a177ff8965bc7863b7dd6",
    "maker": "0xbc054991797b3772d61b0ce56fe4c980fdad1cde",
    "pairName": "OMG_DAI",
    "createdAt": 1514706743560
  },
  {
    "amount": "469.1465",
    "price": "70156.0093",
    "type": "LIMIT",
    "side": "SELL",
    "hash": "0xb367f4845d9c80cf3a297d7a892f5f60898f3de009e6b2ca2bf898fe8194b357",
    "orderHash": "0x5545fc6c7d2ad4590fb6cb0bd25fd99a87f9f3526804bc2be153ada53a59ab55",
    "taker": "0xd691971e757846d221662d3891b5912b0f4abe36",
    "maker": "0x37bae4de29d136740e5a3f3e7a42361f21634892",
    "pairName": "BNB_DAI",
    "createdAt": 1518931639131
  },
  {
    "amount": "9920.0720",
    "price": "5724.8744",
    "type": "LIMIT",
    "side": "BUY",
    "hash": "0x759debf22880669d55cd7fbc8bfb36edf8cdf481bd36a3a05adf8009d6270eec",
    "orderHash": "0xbca0c12165eb6fb501e09f063b688b3df52e418946378376ea73e8010e353a90",
    "taker": "0x0512fd1185daeb6a19f893dc9f0db6e9d2ae3364",
    "maker": "0x804f6a491ac399d263f0d5e87b797809a3497d46",
    "pairName": "BNB_DAI",
    "createdAt": 1518422921113
  },
  {
    "amount": "3387.6696",
    "price": "95929.7573",
    "type": "MARKET",
    "side": "SELL",
    "hash": "0xa8bc2f35d099bd752a951540e49e8828109865ba3987b00bd5a1f9296d09af75",
    "orderHash": "0x3219f87f03066c65c1a954cb9c2f0db4bf4538c89cc21a0e311ecd9c30315a87",
    "taker": "0x7f4c72afd9a8e6921acbafcfa22f384896cd3c95",
    "maker": "0x54437eb322b8f47a994a3467b7aa8375303d9e6c",
    "pairName": "OMG_WETH",
    "createdAt": 1513310252031
  },
  {
    "amount": "4498.2496",
    "price": "88754.3840",
    "type": "LIMIT",
    "side": "BUY",
    "hash": "0x30682575441f2a45913a4dd16cd55ae62bf3835856cb86c96d05f6e92a925192",
    "orderHash": "0x3e58492bc641afa30fae5c920945a94b1e119a68cd805928d7e6627456af282a",
    "taker": "0x4930eb7fec972fe813549b884ec2a0d492ce7e7b",
    "maker": "0x3463a926d442302d04614a4d36f755cf445fbb42",
    "pairName": "ZRX_WETH",
    "createdAt": 1511268452376
  },
  {
    "amount": "2885.9890",
    "price": "79366.6723",
    "type": "MARKET",
    "side": "SELL",
    "hash": "0xacd35e459bbe1a669a86881355d94997247e25d900d46e90d85fdd4a3eaac11b",
    "orderHash": "0x84dd1f0eef2f3df2c7730cc54e49bea27d257c4f142295e484bd63f2b66d6969",
    "taker": "0xf5301aec72991ada07c108389f2f0e5b60e66ef4",
    "maker": "0x448d3c24053ab8014f27aea8f372d80224e0cab4",
    "pairName": "BNB_DAI",
    "createdAt": 1514462582438
  },
  {
    "amount": "5979.3516",
    "price": "33335.2603",
    "type": "MARKET",
    "side": "BUY",
    "hash": "0x86bfba8f5dbf713f0a859b4e6cc09bb863f7a7fc636961ecf6b4ada802e0990a",
    "orderHash": "0x41d18d88666f729d23f41fd6585872cd0b013b4d3e1ab9193c29ca35f5bdc5be",
    "taker": "0x747c9f53b50711a7a148371b819593a27f70a44a",
    "maker": "0x6ae15c6cc55608e92d966085835a894a5649036f",
    "pairName": "OMG_WETH",
    "createdAt": 1502284613939
  },
  {
    "amount": "3294.7994",
    "price": "36424.5665",
    "type": "MARKET",
    "side": "BUY",
    "hash": "0x426ef6b1681bf0aed428364e4a56c87fcfeafebda545d976abb5e37853e6ad64",
    "orderHash": "0xa1f1efed46aa178334fe7165d527473d9ab74c7a51b481004c34e2c09623d0e2",
    "taker": "0x23acf04c71db6828d41b0117df930cc44591392c",
    "maker": "0x21d8c283c9eeebd58c760852cef58eed814e0ea7",
    "pairName": "OMG_DAI",
    "createdAt": 1513988648803
  },
  {
    "amount": "9218.1056",
    "price": "44485.1904",
    "type": "MARKET",
    "side": "SELL",
    "hash": "0xe1ee4ad650047b05dd2f488fa641ac25cebfa21165b6c2f949b49537b38bca56",
    "orderHash": "0x7bd717a60818a45fae75b492e521206432c1d71ce5c6f77bb3c8d4728c61692f",
    "taker": "0x7b47060f76efa60be1996cccceaf5236948249b4",
    "maker": "0x94df547d110b42748431d46cb981e31e8a5a9fdf",
    "pairName": "BNB_DAI",
    "createdAt": 1511301855732
  },
  {
    "amount": "6425.8856",
    "price": "79620.2067",
    "type": "MARKET",
    "side": "SELL",
    "hash": "0xee44d990fe9a1de7d4c1f1452ada3e548b0b6d0007632c06c92b415043a956a8",
    "orderHash": "0xb4e2f4a73d1c19d929f83dd97956ea409cb3523122a63fd5a03cd1a469a08864",
    "taker": "0xcc33060e9fd8ea8ea1440a857c83f4941ff8a5d6",
    "maker": "0x9d4516928a962e638cbbbec7b824b4fe8c3c335a",
    "pairName": "BNB_DAI",
    "createdAt": 1516563003035
  },
  {
    "amount": "1990.8769",
    "price": "77371.0432",
    "type": "LIMIT",
    "side": "BUY",
    "hash": "0x386beafbf8c14de2de9b52710f83c118c9ceb9ba005880c8a4cf086bea8a369c",
    "orderHash": "0x2a4b2df091051de8b6e180a419411b19139ed174e00d3136793031192fa12b1f",
    "taker": "0x4a4b99ee47daf849dcdecf11291e10259e4bfa0f",
    "maker": "0x06e62c1bbf85cae3c61720eb09215bd4a4023bdb",
    "pairName": "OMG_WETH",
    "createdAt": 1519690333718
  },
  {
    "amount": "7748.3246",
    "price": "51911.4704",
    "type": "LIMIT",
    "side": "BUY",
    "hash": "0xb155223d84817475d003a914964dab3ec69dad92f1f5cc1956c86c1ecc937895",
    "orderHash": "0xb1604a1fae46ddee7a86b1e2f2cab813b4720c356a68f6c922ca33398e561006",
    "taker": "0xecdbfa50df548a2b41bd8b18860a2349e8234c35",
    "maker": "0x468ccff96b520c69550c7908e0a9a9742d4ae152",
    "pairName": "BNB_WETH",
    "createdAt": 1503718836741
  },
  {
    "amount": "9778.5479",
    "price": "95404.7652",
    "type": "LIMIT",
    "side": "SELL",
    "hash": "0xb448eedb2cc68a5e2fc61a06845983e4cf9d4da847e91b1b14649a3ca5442e99",
    "orderHash": "0xb72b789d6a1b4fda97c4567be5f0608e0eaf9fc02c1e03ec16a32885f415d248",
    "taker": "0x86d67c677344b65e055c8f95ed9da8d987033c2c",
    "maker": "0x21639a914550f47cc6e6bbd2377bc03449f80a7e",
    "pairName": "BNB_WETH",
    "createdAt": 1510641344741
  },
  {
    "amount": "7184.4856",
    "price": "41819.6873",
    "type": "MARKET",
    "side": "BUY",
    "hash": "0xc5edd8d2823f5317a587633e52dba35e564a35b3b4927482146fd8af875a1200",
    "orderHash": "0xd98389dcc30fdc218dcddeda50b970a0ad3cb4ba49c435eb477da1b1ff36f30d",
    "taker": "0x82c966893011288732735faa704b1b2cd2f1dd57",
    "maker": "0x4512f92eab769ffe87f8f4c626b12f41cfd610d3",
    "pairName": "ZRX_WETH",
    "createdAt": 1510780773690
  },
  {
    "amount": "8277.2871",
    "price": "44315.9553",
    "type": "MARKET",
    "side": "BUY",
    "hash": "0x2ae1347df20500e3d5411d9900d737b9cd2acf5ff189fb7f713d2811816f1311",
    "orderHash": "0x0b32a552f1b504b8bb00dd067fa42828c59722f5e88913f61510113e633522b2",
    "taker": "0x40036859d3c8d8ed354fe24816cf2fc68b1c9682",
    "maker": "0xc23349efa32e060e3eb170ea08febd5c1107db39",
    "pairName": "OMG_DAI",
    "createdAt": 1511267550669
  },
  {
    "amount": "2279.6412",
    "price": "323.6553",
    "type": "LIMIT",
    "side": "SELL",
    "hash": "0x11a9916b81241647481da26227b07b3773a6a3a03abde1437c810a1cca75210d",
    "orderHash": "0x348412802b4ecfcc927ae67c1bfbaeae342f3172449799ac3f20d49c903617af",
    "taker": "0x6f4bd28b97212c520c446110fe20accb7a56d510",
    "maker": "0xf963d7b5defad0001a1a7f96658bf74a18cd5c38",
    "pairName": "BNB_WETH",
    "createdAt": 1513371484696
  },
  {
    "amount": "2756.2909",
    "price": "32326.8687",
    "type": "LIMIT",
    "side": "BUY",
    "hash": "0x665ab094878968b0a95b7c325c5de8d89617935934d387de645f3771362f6adf",
    "orderHash": "0xdf6e4c740ab7375ff0bed3c7d70cb51d41cd133538b7d87e27a748f6d4dfa0a2",
    "taker": "0xd084ca3ee3899fb6dea0bf363d479cc12ceba12b",
    "maker": "0x57483c738df2b786da9d96af6a130a920b8be8c9",
    "pairName": "BNB_DAI",
    "createdAt": 1515654354820
  },
  {
    "amount": "2795.2161",
    "price": "71587.1952",
    "type": "LIMIT",
    "side": "SELL",
    "hash": "0x95873ea34842d7a7c8ca4facfcb62d66b08a10f82aa2308d5aacd4ad498bab74",
    "orderHash": "0x62c15545ea91a05be9faa67535887514ae554f32901e8d0ebbf3d0666cbd6697",
    "taker": "0x285742b06e7b4c9e1be8a624bb8408a814e80ce3",
    "maker": "0xc4ba72168235db3facaac9af56cf6d2072a44cab",
    "pairName": "BNB_WETH",
    "createdAt": 1516761392794
  },
  {
    "amount": "8289.4556",
    "price": "79036.3865",
    "type": "LIMIT",
    "side": "SELL",
    "hash": "0x937df8f7db8a02ed4670d9278fc5f267d14f4f5426c05fe3ab5065f8eed7fbfd",
    "orderHash": "0x49701c04df5f0a735fb6a58a4fee435debc15df5e923cee5d603af00d41d978d",
    "taker": "0x0de60b4ae63eb18afdf78c1e48393236f6def5d0",
    "maker": "0x7a5e22c5d28de6006fee85915bd1b32956220840",
    "pairName": "ZRX_DAI",
    "createdAt": 1514388742416
  },
  {
    "amount": "9008.6868",
    "price": "10426.4100",
    "type": "MARKET",
    "side": "BUY",
    "hash": "0x38fc865f4ff8f1c7da063d204d997aae0daf0ddb739ba925615b220b62646667",
    "orderHash": "0x87eb530b76d0fc4745bcb23ec5a7019f680e6eb4fd9f257ad3b3bd7c90603e4a",
    "taker": "0xa579ee438e78ffdced15fa42219128ac309f0791",
    "maker": "0x2abac10259396db4462830e5c59d487a709481c0",
    "pairName": "OMG_WETH",
    "createdAt": 1511063302851
  },
  {
    "amount": "7063.3966",
    "price": "66205.5521",
    "type": "MARKET",
    "side": "SELL",
    "hash": "0xe54c62e62595ecfc3158416887b0887a93cd3fcc0b3a6d7df86b11e08a275f2a",
    "orderHash": "0x44940c698672707d36d9264202dcd125df94030a8c8bfa20c2214ebf6ffb701f",
    "taker": "0x9bc4314ed21092b895c404673a96afc83ccb97eb",
    "maker": "0x56970bc2fcc1fc0cd9a39023e645f0626dd26c36",
    "pairName": "BNB_WETH",
    "createdAt": 1519830405589
  },
  {
    "amount": "9670.7674",
    "price": "23283.0368",
    "type": "LIMIT",
    "side": "BUY",
    "hash": "0x2f91a0643b4f21be5f9b7f9264a05e7c1a1b3397a34c16a12dc9697c99f9c339",
    "orderHash": "0x9df90aa737a0f814a4f0809478c45355c69a2d55a0fda97e66c721a2b3bd89c3",
    "taker": "0xf633a2c92427f59b64f7569ef726f06e042f4e30",
    "maker": "0x2356d3f2c818a99fa989179ea76d8a6dab01e68f",
    "pairName": "BNB_DAI",
    "createdAt": 1501245094786
  },
  {
    "amount": "2338.6487",
    "price": "56672.2079",
    "type": "MARKET",
    "side": "BUY",
    "hash": "0x043f952580f4bab735f505c3651b6ea52af86a5b7be32f548033f42b240f3ac6",
    "orderHash": "0x025e306f67e4eafdba91a5db4fba01f980ee34287ddfda2c1eb8258a92221f0e",
    "taker": "0x0f463da16875f0a70d019416b5f29f0361c753b0",
    "maker": "0xb0d0692cfd464d2b5c54585a30422d6695ba05af",
    "pairName": "OMG_DAI",
    "createdAt": 1514560729352
  },
  {
    "amount": "1772.0844",
    "price": "7064.7168",
    "type": "MARKET",
    "side": "SELL",
    "hash": "0xd5accf5ef4e7f07d0ab26e64ba34f5993f016864aa8b8b2ee55f3db5956f2657",
    "orderHash": "0x8b3bf0cc34bf5e4d1acf8d8c29bb0c5a5771cb7e9f485f7956679474a7ed3049",
    "taker": "0xcfddceb15ed48dd9ee9283c8fdb5f13c18405161",
    "maker": "0x28976669005f177c1e71c7efd1e8da37fd272418",
    "pairName": "BNB_DAI",
    "createdAt": 1502752090833
  },
  {
    "amount": "9148.2772",
    "price": "80701.7641",
    "type": "MARKET",
    "side": "BUY",
    "hash": "0x714738b8aba2d7effea903f5c454b31b16728995852854141cd0cf8005e7cca5",
    "orderHash": "0x860dbc0e79e7591a1c485ad3c21f2943b968ed0c8f86956f8ce6e574ac985107",
    "taker": "0xbfd21fad185a0134010483f9c2f53ff4499f8145",
    "maker": "0x4bc7d9ce5f27ffbc75b59bfdf4390b5c098dd881",
    "pairName": "ZRX_WETH",
    "createdAt": 1500972471666
  },
  {
    "amount": "5806.0722",
    "price": "21376.2250",
    "type": "MARKET",
    "side": "SELL",
    "hash": "0xeb6aab8b320674a864e77af302c59bb55904f23c9f390fa8d04a6a64182af75e",
    "orderHash": "0x41b008664c94665388266b7288118b6275136b18797277728539fbc4634991f8",
    "taker": "0x7a7c145f7c4fa5535d0a59add6a3cfd624a7f2f0",
    "maker": "0x9639a99ef4d310593cad1f1615a2689a07463a97",
    "pairName": "BNB_DAI",
    "createdAt": 1501021418507
  },
  {
    "amount": "4216.8534",
    "price": "71664.1871",
    "type": "MARKET",
    "side": "BUY",
    "hash": "0xdfcad17f1158617966117005eb3bb07aefcd0c4e85718735cd2dd158a020f5a0",
    "orderHash": "0xaa321e4baffc35c3b64f071cbca6a88dafdf43f7cb3ea0f58d9d8bece68b41d2",
    "taker": "0xde04ae4eee4743c6cad847c9c9b1993fa11dd750",
    "maker": "0x5c164d7797335d05248e440537b61237df19d47d",
    "pairName": "OMG_DAI",
    "createdAt": 1501175443634
  },
  {
    "amount": "422.5013",
    "price": "24594.1711",
    "type": "MARKET",
    "side": "SELL",
    "hash": "0xc38e03ec932f720dc72a8114ac8f98d4f9b09c74879e57b1120408c056f32c3c",
    "orderHash": "0x9e9b3ca9fc4fa470c2fc57c4b0f8af069608429c1be0b8edebac6f456af54958",
    "taker": "0x8d0f389be21a1a75874953705b3281e1c0dd7695",
    "maker": "0x63c03b448058bbe69a894f15652a366f96e92c8d",
    "pairName": "BNB_DAI",
    "createdAt": 1514331757171
  },
  {
    "amount": "5498.1808",
    "price": "72114.4049",
    "type": "MARKET",
    "side": "SELL",
    "hash": "0xb3f52a3c11048530c5abd0dce9a4c71ca7cb119ac975688f59a48a6d03eb5d7f",
    "orderHash": "0xa925c370eda5c8d8fdb276e33160b3406c4ada837e38c5d92ba52141653f258a",
    "taker": "0xf7f2ceb7d64f4ca7b8f76d5fbd5388554c48f834",
    "maker": "0x7cdeda7b8cbef474703207de57e84aa8d414b1ac",
    "pairName": "OMG_WETH",
    "createdAt": 1515494445524
  },
  {
    "amount": "7213.2450",
    "price": "14956.3437",
    "type": "MARKET",
    "side": "BUY",
    "hash": "0xee17ef07194840b0eb174d901ce0379cef8fcd2719e97a8af93a649c4a7709b7",
    "orderHash": "0xc2ea7da82b9826f85496efcd2cdea7f5f20d32d268baee6256f4795edc442d9f",
    "taker": "0x885762ec3b3276fe0f81a638acee0d552fa37d6b",
    "maker": "0x4a3ad1a450f0fff2e58010d02b1d64de960e867d",
    "pairName": "ZRX_DAI",
    "createdAt": 1511148033009
  },
  {
    "amount": "36.5091",
    "price": "71295.5017",
    "type": "MARKET",
    "side": "BUY",
    "hash": "0x35b718498026969d7fd962d4e861b34cb1b3cdaa0a86ab02d5bfeb824bf75d97",
    "orderHash": "0x2709091fc7c86ca6a4ca6df1a7b250def88b4e61f4b59549555f250be8d260ee",
    "taker": "0x90806cc78348e2e9cce1aa90bf8ad20ed793b516",
    "maker": "0x23d9b0875db801b5eeb1254c1505a5392c9e314e",
    "pairName": "OMG_DAI",
    "createdAt": 1516464168962
  },
  {
    "amount": "1891.9467",
    "price": "94804.5319",
    "type": "MARKET",
    "side": "SELL",
    "hash": "0x6a24d5fd681a095588d63a44237535eb93dd2d26fea694c6fdd68452c86108bf",
    "orderHash": "0x29604d28a33e4085c204d3adcd114fa27f7047e2bc5deeba87fe16a4eadd636d",
    "taker": "0x230a29957034708eb38399cb56456febe1415ac9",
    "maker": "0x26f1d3283f037908efe5c5905eef965a41f546d9",
    "pairName": "OMG_WETH",
    "createdAt": 1508009446888
  },
  {
    "amount": "9331.7623",
    "price": "15780.4762",
    "type": "LIMIT",
    "side": "SELL",
    "hash": "0x48a7b6b130c375038caae4991bf39df9228359e79290194cc4a57d31f6379259",
    "orderHash": "0xe412124388dbc130c23f38316e02dba25d4f2f3dfe8d07a99fc927bde2b759ea",
    "taker": "0xb2acc55966b7b08c35f5fd837f747f2a7642e85a",
    "maker": "0xf42f1933549ee1b0a84acb2e58c94ff786a939bf",
    "pairName": "ZRX_DAI",
    "createdAt": 1508161140615
  },
  {
    "amount": "5351.3824",
    "price": "31647.3888",
    "type": "MARKET",
    "side": "SELL",
    "hash": "0xc2a702c062553526f50658edeb8820c0579f58757ea2ee07232db45e0b531ab0",
    "orderHash": "0x53f0e12a320a0b84da37295e4f97390026c3ecb2ced2829df2fa53394b2bbd31",
    "taker": "0x4b5a4b9fd711c994f98710f015598fd605f4e1fb",
    "maker": "0xacbd183fc28bcc8241a743383332b180b9b70995",
    "pairName": "BNB_WETH",
    "createdAt": 1515926644226
  },
  {
    "amount": "7039.7100",
    "price": "3711.7477",
    "type": "MARKET",
    "side": "BUY",
    "hash": "0x48afdfa35c892f7cd1d9d59bd70c5181387bc6262ec0ddcc0cb8f685627ce16e",
    "orderHash": "0x7a23829fefef8ef348a58034d4f42d1d63343cb448b713470fccc876164004a4",
    "taker": "0xc96d2b90b2e7fc77b405be7843d07c95a9e190b0",
    "maker": "0x5be4e998a51712f4ec864066eece65e6a8320f7b",
    "pairName": "ZRX_DAI",
    "createdAt": 1506092995137
  },
  {
    "amount": "5518.1390",
    "price": "59089.8144",
    "type": "LIMIT",
    "side": "SELL",
    "hash": "0x3e319b2e9f6a767968609ce1b7b7771d12623199ad31a0c7b0f277ebcb149ffd",
    "orderHash": "0x13174ce5b49fcfac0097de4bf2db9eee559cd34c81a9d70e2e691a4979694aea",
    "taker": "0xd073c4d3e9bfd622eb42bc670285d50d93ca57dd",
    "maker": "0x254becb147bad5d15bc52d63a37966fe36b86875",
    "pairName": "ZRX_DAI",
    "createdAt": 1505636322119
  },
  {
    "amount": "8167.7448",
    "price": "40946.2344",
    "type": "LIMIT",
    "side": "BUY",
    "hash": "0x33af5ac12d28c230a3ab20785e2f55bb0c5ec1d48edaaaed1891bfa0877dece5",
    "orderHash": "0x8a48ffa80be57be317cbf3db37b2288c1a6b4b6fbedd9d05ff531137fdb6eead",
    "taker": "0x1e87bd69e6eca259a6b994c212946ce91d3f6bcb",
    "maker": "0x0f2e8fd24e2f79f87e922b6d82c932088ad33cd2",
    "pairName": "OMG_DAI",
    "createdAt": 1507174833756
  },
  {
    "amount": "9592.7793",
    "price": "58497.4881",
    "type": "LIMIT",
    "side": "SELL",
    "hash": "0xb4c65cfcf32b164e3685da2419038591f63c23ec0806b8264387b9ca41ebfb9f",
    "orderHash": "0x6680d00b49fdcc164d0f84cd61b10e38b29afa2281050e9e3437da02eea137e4",
    "taker": "0x6b054954bd858ac3af515c405d70eb03e7a97224",
    "maker": "0xe3d4ffc1e7f562cff097b56880995d644cb8e4e3",
    "pairName": "ZRX_WETH",
    "createdAt": 1511801362309
  },
  {
    "amount": "4589.3979",
    "price": "77304.8861",
    "type": "LIMIT",
    "side": "BUY",
    "hash": "0x0e773e6f8aec5ab28e5806b5662e4a60a48017ffdfb82da490b48e1bb4c51524",
    "orderHash": "0xd4146a5d95813b7a6aaf8f91e8b9a10be54db7c01377a8a1d3c470f18e9b0c15",
    "taker": "0xf8dfc0e113a27be1a5faf276874a1dda23436ec4",
    "maker": "0xed0683a53413ad783fba0dcd6d3c13c8771918e1",
    "pairName": "ZRX_WETH",
    "createdAt": 1506595555955
  },
  {
    "amount": "6682.0867",
    "price": "29939.2341",
    "type": "MARKET",
    "side": "SELL",
    "hash": "0xa659f08b2d30daf6f46e24528a54f47bfc8db21e1e979bc19df9e6290c100901",
    "orderHash": "0x2bad8ce409a4b6dcb36e0ecb41db5e8c19fb81626965eec7056bb03507b32aef",
    "taker": "0xc878b920324d8176d5d035c030c678588023e494",
    "maker": "0x08076551823528cf3c2373fdacf5be39c0f8abd8",
    "pairName": "BNB_WETH",
    "createdAt": 1516701208746
  },
  {
    "amount": "2541.2898",
    "price": "95006.3677",
    "type": "LIMIT",
    "side": "BUY",
    "hash": "0xbd975923fce4246d23bc74915d0c88c637aa9babc487e86e5428243b08547c76",
    "orderHash": "0xe80565f6c32df1150b998c433b3a074de5f5addf45cd6a7880d7ddc39aa14d13",
    "taker": "0x9a82ddac37f81b43893d77631164c55084ebb632",
    "maker": "0x47dab55cc940a3f0cc4655f79f921bba126f7722",
    "pairName": "BNB_WETH",
    "createdAt": 1512647349263
  },
  {
    "amount": "342.3587",
    "price": "94524.6255",
    "type": "MARKET",
    "side": "SELL",
    "hash": "0xad8ed83e5c180f0dc9c141c2c77afad1c908b8cf70adf5788c2b1faea8fce9b0",
    "orderHash": "0xd7d64f5e9d856c8e7196e625c1a84693ba4daf0f2ce545d47299e3306fbb6a51",
    "taker": "0x7c66d03df08565fb153a63a7fe22eb6abe40c76a",
    "maker": "0x76d4a14f0c3c561de39467ae4d4bd092649f7228",
    "pairName": "OMG_DAI",
    "createdAt": 1502898493817
  },
  {
    "amount": "9582.2669",
    "price": "87204.3790",
    "type": "LIMIT",
    "side": "SELL",
    "hash": "0xb2cbb21edcb4706a63fd3f6833bb00c87815f0996d063a7e14e3d59df17dd3bd",
    "orderHash": "0xcfd6cc652901cf64c936e32321408f50fa3869f4a0dc7a7c64d202100e1ce22e",
    "taker": "0x2700d3ec3a1b4682ebd2e90a5de41c7cd77e71ca",
    "maker": "0xa344ff9aac9ca7bdea56637f136aa459e3ddbfc3",
    "pairName": "ZRX_DAI",
    "createdAt": 1517149229032
  },
  {
    "amount": "597.9331",
    "price": "85071.8172",
    "type": "LIMIT",
    "side": "SELL",
    "hash": "0x5b614eeb1eb3c49ead098ccd4f7a49ffbb0bbf7506d1a7564963cc20ecbce732",
    "orderHash": "0xa4e4f6ba763611e3edf2d6da62f88e628838d0a92ab5247d3acd66cfa9e315a9",
    "taker": "0x40b787690b30dd83cb5092e64586972a97691134",
    "maker": "0x368b2332a0940eedb2119e7c00afe91f4dcd41e9",
    "pairName": "ZRX_DAI",
    "createdAt": 1518935621402
  },
  {
    "amount": "3913.4209",
    "price": "23833.4940",
    "type": "MARKET",
    "side": "SELL",
    "hash": "0x12dddf199e416af62afd5ca3be27f3ce4a3dbcdfe90ebb38ac54d8a818939911",
    "orderHash": "0x28557eabc4f3aff45be96f1d4513eed7c45d3cbe250de7ed78f5a6fcfe679689",
    "taker": "0xa9fcf9b27a75dd613e196a29edaceba454dce285",
    "maker": "0x40b496692b925ea1c377cc9b4aa12774ac64618f",
    "pairName": "ZRX_WETH",
    "createdAt": 1509715716957
  },
  {
    "amount": "4990.6912",
    "price": "54941.1660",
    "type": "LIMIT",
    "side": "BUY",
    "hash": "0xb0207a7df12df34fe5b736fbb5ebcec048c589ffb3183a8d27d3cceb0134db69",
    "orderHash": "0x72af22623e7abb2ff416d2627b7198305a01962f417583843f55a7b63527a781",
    "taker": "0xeaba05f4381372d1bde30a59aa3526529c5795b9",
    "maker": "0x121801b58d800d15b6fcb5dd4a180916a43e7897",
    "pairName": "ZRX_WETH",
    "createdAt": 1519341864732
  },
  {
    "amount": "301.5488",
    "price": "55841.7973",
    "type": "LIMIT",
    "side": "SELL",
    "hash": "0x194eec176b2a74c65349756e851fdb8aec657476fadbd06826e3b4f956c54ce5",
    "orderHash": "0x1d6f4ea1dca1c81f2dbb44e6c7e3e8214514f96d3f632b8d2282ebc3498971e2",
    "taker": "0xb29d5e59bb14f1649b4dc8e53a1db54f81f67212",
    "maker": "0xd07acffd851103faa7055fc57e087d1d296a550c",
    "pairName": "BNB_DAI",
    "createdAt": 1517022519439
  },
  {
    "amount": "3470.9132",
    "price": "34388.2119",
    "type": "MARKET",
    "side": "SELL",
    "hash": "0xf7b8ce7da8b69498aad3c815d3036c896d132fdd3e9efdfe8011374a7c0548fd",
    "orderHash": "0x017a1371845c39bb3f6ee5acd7731ffec1d0c17444a9a06b3ccda092e031d474",
    "taker": "0x696fd4dc7f0400bbc18d48ac0088c9627890fe4a",
    "maker": "0xa5a55a1891a763bfcb0ae7ab3a87e8bdd796814a",
    "pairName": "ZRX_DAI",
    "createdAt": 1509701438046
  },
  {
    "amount": "6014.1915",
    "price": "26296.5505",
    "type": "MARKET",
    "side": "SELL",
    "hash": "0x1554cc33ead78cef40048bf1045d89e35e13ae9c6be05d404b6b39df4419279b",
    "orderHash": "0x08299c6ff202c3e5d2e03d6e4e55e3963df766308a2edf424fd4e684fc2267ca",
    "taker": "0x54e4b06111441ffa0809afc3c6b3fcb9077d20f9",
    "maker": "0x19ebc683305fa78fcb17a58e8c71820210205ce9",
    "pairName": "ZRX_DAI",
    "createdAt": 1513254566583
  },
  {
    "amount": "1035.5163",
    "price": "62737.8579",
    "type": "LIMIT",
    "side": "BUY",
    "hash": "0x7859ee9096a65bd14d1b3bfdc2e6d998b40af5364262c215f914cd2cee4d33c7",
    "orderHash": "0xaf37f470307df7bdd59b7dc5cb35e3ff3125e4ddb7d7351bbaae6b447a74cdce",
    "taker": "0xe3b44da4beef457284e2c34bdfba0dd70eb0962c",
    "maker": "0xa3df51cab6f6e92683aa84408e3678aee8a35f6b",
    "pairName": "BNB_DAI",
    "createdAt": 1500672358845
  },
  {
    "amount": "7539.2146",
    "price": "8240.5288",
    "type": "MARKET",
    "side": "SELL",
    "hash": "0x579972fe76aafb8a0f7292c74e3a3b3009669fba954c39ffe62b46188c3301f0",
    "orderHash": "0x1edf7921f8eda9c649c0122074752b7e6d2a7a40931808e3f7774f16081d5c11",
    "taker": "0xfe1722f04b5f218496dd072ffd51961d1a5491fa",
    "maker": "0x35326506787bca95a7b5f5b087b8b99912b11f45",
    "pairName": "OMG_WETH",
    "createdAt": 1515102022868
  },
  {
    "amount": "545.1599",
    "price": "94274.5832",
    "type": "LIMIT",
    "side": "BUY",
    "hash": "0x187831b12fff9c121f7c63219f82fba9828186a7715449ca22bf21cf7e135a0a",
    "orderHash": "0x5090024438a4665219385a53b518daf900eef73b55965d94899631cab13141a1",
    "taker": "0x9d68ec248b9f28e8a282287cac8e2b2a2ec33230",
    "maker": "0xc715820fd5f65c2d899f692aa5922cb74e1cf8dd",
    "pairName": "ZRX_WETH",
    "createdAt": 1502918399065
  },
  {
    "amount": "8122.4466",
    "price": "67457.9685",
    "type": "LIMIT",
    "side": "SELL",
    "hash": "0x62cb114898a80dc191b383458bfe8253f8130b3e568d44bcba026d6fb48e019d",
    "orderHash": "0xf20942cb1cf291a255d01ce509d859e2d574783f5091192891b8eed25bc0f723",
    "taker": "0x8106e6965f251e6aea9c85a248dea1f64fd14ef3",
    "maker": "0xbd4e9636fd399266401f5bc060f11b405e591ba7",
    "pairName": "BNB_DAI",
    "createdAt": 1518469821441
  },
  {
    "amount": "566.7001",
    "price": "23393.4456",
    "type": "LIMIT",
    "side": "SELL",
    "hash": "0xd677b00f2f9a8ee94fccf37ed1fda12b592f963240284972422198d2bc20cb23",
    "orderHash": "0xe41864991fafd483209f56e39a409f0e2c8115496e0b17c6dc54df10f8bd1050",
    "taker": "0xe1f32be8ebc6bad7e9c0aea26df8c4915857071c",
    "maker": "0x5946298037103993074cd2acf7327af3a65dc833",
    "pairName": "BNB_WETH",
    "createdAt": 1519506313815
  },
  {
    "amount": "8671.1351",
    "price": "28406.4720",
    "type": "MARKET",
    "side": "SELL",
    "hash": "0x32f51fce693dd3674f73dadb885fd64af826e66f9c9e61bd4dcecba216b790b6",
    "orderHash": "0x7cfd0cf46017f5f7933d124b0d587c0b6a9bf67b819de8c3689520a1ba3bfb06",
    "taker": "0x523d003d1e4c2a471bcf9d413fbeac6d7bf76dc0",
    "maker": "0x1f2dce9a620020cdbaffd760b508c8a501a86d40",
    "pairName": "BNB_WETH",
    "createdAt": 1504183124297
  },
  {
    "amount": "7349.4108",
    "price": "84077.5511",
    "type": "LIMIT",
    "side": "SELL",
    "hash": "0x8f108f569def224b7f9a073e58471bd2510565180ff5418c191743869ea50780",
    "orderHash": "0xadd6e577c29072af5f472ae16513cb40f56287358be8e35e6fdaa747f1906b1f",
    "taker": "0xdf92d0ffbb392ccb6e75ef3120585e24f96d5098",
    "maker": "0xc3998b473ce26a6763d7d3d80ce0de7fd5a30ac6",
    "pairName": "ZRX_WETH",
    "createdAt": 1502389055484
  },
  {
    "amount": "4264.7330",
    "price": "60274.6432",
    "type": "MARKET",
    "side": "BUY",
    "hash": "0xd7c4760b744b842107e795128211a36baed60d801d27866cc0253100cc922209",
    "orderHash": "0x51b3f5dd7e14dda6b3260312b87c9f23fe9e2a822e560c1da8854fbe85be2a0f",
    "taker": "0x20b904b2c55d9a2b38f2b9fa5a9cff58944da815",
    "maker": "0x9b3d8154d13f5741824c6c708777dbe51eea7bd4",
    "pairName": "ZRX_WETH",
    "createdAt": 1505804193705
  },
  {
    "amount": "8427.8614",
    "price": "26438.3772",
    "type": "MARKET",
    "side": "BUY",
    "hash": "0x58a195c587f55cdc7ae4a6a81ec3b6c440ae49052db9b7c1b2cda381db26e0a7",
    "orderHash": "0xc683513e51251251503aae7363df3d8beafaf81e260a455120549332a98eac72",
    "taker": "0xa60bfd79bf26f87fc848c5b578967f7e324b8d4d",
    "maker": "0x534c362e6588c3d83aac0eee74091c54075cfb1e",
    "pairName": "BNB_DAI",
    "createdAt": 1510502386998
  },
  {
    "amount": "672.7535",
    "price": "44434.2383",
    "type": "MARKET",
    "side": "BUY",
    "hash": "0x064201f36481c715377d40e116ba84b6f02660f9bce16095d4baae08c4c71f14",
    "orderHash": "0xd75e6fcdb63c773da861747137ca2b44014d7ec4598c06444238bca45c5e5d91",
    "taker": "0xf64cbd2d9c9774f6bca3fadc2db7cbf748021582",
    "maker": "0xd3363ef06e9a519776138669e6d6387b9cba21d6",
    "pairName": "ZRX_WETH",
    "createdAt": 1501202280538
  },
  {
    "amount": "8279.7622",
    "price": "76674.1117",
    "type": "MARKET",
    "side": "SELL",
    "hash": "0x3f0fe5ac88fe885e5c461c1e659bd421f430c06006e10ef14aee96df07c7a524",
    "orderHash": "0xf6543064eadcc79cad43a84d47f1280401065057fa728177e61e95466257adf8",
    "taker": "0x509e96297b16f5fd0ef430ee3ff5402176c9f6b6",
    "maker": "0x19ac339db9e3d44c0ebba235ff7bd6e47b4fa561",
    "pairName": "OMG_WETH",
    "createdAt": 1500771312300
  },
  {
    "amount": "6402.9266",
    "price": "82767.9308",
    "type": "LIMIT",
    "side": "BUY",
    "hash": "0x47c285197c244294a9325857f2eaf09e07f167e76c959fcf7fc1401ca63a2417",
    "orderHash": "0x6a605956e57add05cfe2966c88e0ea51b728988ba2a95da38fc176041a84d45d",
    "taker": "0xd9fa1fd6266cf57ddc4c8e007506fd62f9e79eaa",
    "maker": "0xa4916fa23894f4227caf692c302188e1f937c74d",
    "pairName": "BNB_WETH",
    "createdAt": 1501491127034
  },
  {
    "amount": "8221.9507",
    "price": "14856.7083",
    "type": "LIMIT",
    "side": "BUY",
    "hash": "0x5a8917747a27695fafd076c737aad1f0a6651109f9d19d605eba2067d547360a",
    "orderHash": "0xcd18b31674ccd12eac9d8e03118e2ecc730b0f28eec975d61104dff49ebc612f",
    "taker": "0x2214c288fd476d7183977f14ea7e51e6ac3efa40",
    "maker": "0x30c96f3d7ba2f29d8c7ce3bb84963abc17746eb9",
    "pairName": "OMG_DAI",
    "createdAt": 1518877968083
  },
  {
    "amount": "8655.0675",
    "price": "50366.4989",
    "type": "MARKET",
    "side": "SELL",
    "hash": "0xefa76de4cb6b21ce98e09ad261d8b9677e2ad478694ba6842a125a9a1b52260f",
    "orderHash": "0xf8734d2ea8d78ea9106c42829f9e3ab88621d6a1237dbc8817acff3f9dd050e3",
    "taker": "0x8104791b588a61bef1bb6bf3f396221112674563",
    "maker": "0xeb9aa071bc0621fde97f468ceec17b93a721bdee",
    "pairName": "BNB_WETH",
    "createdAt": 1516353230839
  },
  {
    "amount": "6318.5498",
    "price": "83959.4476",
    "type": "LIMIT",
    "side": "BUY",
    "hash": "0x1f0039e29dbb0bea290996d8339a50d3566b12e9c4d376e40fd6a11ac95d9197",
    "orderHash": "0x7a4edd552951c3fadc002cac9c764236862f2d4f39d363093b48e6bab445e104",
    "taker": "0x2089d1aad2bb8bf669b22ebc531bce04ea2ea2b0",
    "maker": "0x3a49a1efb2ac582f7db06502e46d1c96b0cfad39",
    "pairName": "BNB_WETH",
    "createdAt": 1512759964131
  },
  {
    "amount": "8967.2334",
    "price": "43307.4421",
    "type": "MARKET",
    "side": "SELL",
    "hash": "0xa09956e6cebf0a3dddf29e0efb1f3dad3e19a37a84d5d6e7835695e820dd10b5",
    "orderHash": "0x9fdd85bf59c5451304675f508156c67ea66afe235e3c387c23c549c3a26694b2",
    "taker": "0xc6fbbe2bd0268032e382657847f428db25277558",
    "maker": "0x2924e54c4bff4e81669b4c9ad0429cccacf0e03c",
    "pairName": "BNB_WETH",
    "createdAt": 1506002484612
  },
  {
    "amount": "9447.3341",
    "price": "66106.3435",
    "type": "MARKET",
    "side": "BUY",
    "hash": "0x09cc0e6c451b2f14331cfa1d7382d2bfdee69c993429b906dff57890c26c7134",
    "orderHash": "0x8e0ae11233407d64ef1df8ce3a24828d11f919ae577f9ca8e4219a2fcdf870eb",
    "taker": "0x96c3aefe80bd85ce882d364bb2bfe1c6b3812d42",
    "maker": "0x246fa137a0ae790ff885d32c129ad37200ab5d56",
    "pairName": "OMG_DAI",
    "createdAt": 1514971643972
  },
  {
    "amount": "3103.3930",
    "price": "43925.9192",
    "type": "LIMIT",
    "side": "BUY",
    "hash": "0xd72988bab639037c2fa37d0a012da498109a7a3a4192faca3441aeec7368a414",
    "orderHash": "0x198c5c024eededafe6f039186ffada4f697db8db82dc5229f0db58baadf3b7ae",
    "taker": "0x6bdb9cc354e43ebcf7720df21685f391a5cdefb5",
    "maker": "0x7fe2577973229694bd249a8104430727c59ae156",
    "pairName": "BNB_DAI",
    "createdAt": 1510747177535
  },
  {
    "amount": "6813.0617",
    "price": "44639.9022",
    "type": "LIMIT",
    "side": "BUY",
    "hash": "0x1f80b738c65ee539559021052f48cbe741ee47b86626eec5bf5ea8674dc2f31f",
    "orderHash": "0xd9d17fa054198d072fdf5c29d9d453a52204a8397757bef52988b96eee2d1150",
    "taker": "0x3bb6870d13930ee67a5d8beb34118cd030e2eec3",
    "maker": "0xbc82f091183b027e561c82e56d57b5febca92947",
    "pairName": "OMG_WETH",
    "createdAt": 1508856279292
  },
  {
    "amount": "6376.9817",
    "price": "82510.4146",
    "type": "LIMIT",
    "side": "BUY",
    "hash": "0x0ea2669dbde5915c05ebe83a2efdba6b1975999367e4ad91fcd34494344f0bcf",
    "orderHash": "0xd6a66f75d514d097924e597810475731ec97be3b01c56e742ed515e52e036025",
    "taker": "0x827877f9d319c186cd1e906e85741e2b0a6caff3",
    "maker": "0x6c87fb9379eee81c41e5a4fcdd4a42d6e94a2624",
    "pairName": "BNB_WETH",
    "createdAt": 1516053370176
  },
  {
    "amount": "8321.5215",
    "price": "24260.1302",
    "type": "MARKET",
    "side": "SELL",
    "hash": "0x2c158b034576907491afbb3c85b9a05f543cbd8dfcf80862de2392b34cc823a1",
    "orderHash": "0x37e858d43a2013972ccc01ed39d0657181dfebb5a504bc6aa27b7262cae18852",
    "taker": "0x12c115619ae91b1267037e38b7f287ea1b338c17",
    "maker": "0x9be76ace09140a0df86302a1031e69f92f6e5628",
    "pairName": "BNB_WETH",
    "createdAt": 1515678934468
  },
  {
    "amount": "8677.5103",
    "price": "68843.5892",
    "type": "LIMIT",
    "side": "SELL",
    "hash": "0xe2d0cae277c880ff8c1aae4e1def5fce10b7702941be28d88173c4c68daf3c23",
    "orderHash": "0x067f00fa03c339420d7dfeac9c5b3975664554c05174ac9e96b5e10c5e28a7e3",
    "taker": "0x1766d39dafa277b6fd808c48a53b6e49e8eb2968",
    "maker": "0xecb769e7da36a0d0d6ca0f24181615fe68cf54a1",
    "pairName": "BNB_DAI",
    "createdAt": 1504673384839
  },
  {
    "amount": "4063.5496",
    "price": "11261.6353",
    "type": "MARKET",
    "side": "BUY",
    "hash": "0xeab5d4f409942a20d3da2e3b477702dced78e4db404a87af6370915befe2e3b7",
    "orderHash": "0x747f09782832292159b87ec63740d550eb1994e4a157f5aaedc792b0d576eda9",
    "taker": "0xd9e0627ca3eedef53203c62c4418c45acb805a73",
    "maker": "0xc485b9e30476b9af409b559110277b75f424233a",
    "pairName": "ZRX_WETH",
    "createdAt": 1511850834987
  },
  {
    "amount": "2635.6187",
    "price": "9962.0478",
    "type": "LIMIT",
    "side": "SELL",
    "hash": "0x7f9808c25b384040a46bf207b9ef4399da92789579ee2acad84520fade4eafe7",
    "orderHash": "0x0a049267a54f53f493f816489068a4af9530d9ecb2ff8d4a2b566ee1f15fafb1",
    "taker": "0xf8761142cec2f0413bccd90da8d3236b6bb78a10",
    "maker": "0x7d0c695a82d7970d875c7540a40cf994c53d5bb8",
    "pairName": "OMG_WETH",
    "createdAt": 1512083228839
  },
  {
    "amount": "2429.2280",
    "price": "99548.9001",
    "type": "LIMIT",
    "side": "BUY",
    "hash": "0xada3b57d5b7fc19a4093f38b025c4d587b7b7adc18b3ee188cc5891fd7d51df2",
    "orderHash": "0x7f95310d99b64e3adad5693c429bdd7e2eab29ae628181362c0df12d03c45da9",
    "taker": "0xcd63aa09198194498400c11980e14c026e85ce5f",
    "maker": "0xd261d0bd091164084468c1b853082f9ea5efc726",
    "pairName": "BNB_DAI",
    "createdAt": 1502028187939
  },
  {
    "amount": "4046.7803",
    "price": "41863.8566",
    "type": "MARKET",
    "side": "BUY",
    "hash": "0x195b42441af3646165f6f6c41fa00568be6ca4828fd939a4d6f39d66ac7e154b",
    "orderHash": "0xf244f1a7d05fd61a20de16d620671df4c60df0bd2a19b70786ac942d70582dbb",
    "taker": "0xc2d24a065d1ebb1af22b8283673cacdc4c69be91",
    "maker": "0xf89fd22cbe3516cc5d9af80d6d0d6147c24263b6",
    "pairName": "OMG_WETH",
    "createdAt": 1505205882573
  },
  {
    "amount": "4989.5088",
    "price": "26577.1187",
    "type": "LIMIT",
    "side": "BUY",
    "hash": "0x99422b9d36cf6e29c85687a7ab699ec09ff91c5bf706740e44619869837275d3",
    "orderHash": "0x22621554bf945a6d39d39192839ea23c7289160789c8ab411a8d426903b85fd4",
    "taker": "0xe22ea457dbce99dec607ebaf0eafaf92c20f9b58",
    "maker": "0xe1ae8278fdbfdef793451badbdd17c9b5164497c",
    "pairName": "BNB_WETH",
    "createdAt": 1504893279552
  },
  {
    "amount": "4821.1809",
    "price": "48877.8646",
    "type": "LIMIT",
    "side": "BUY",
    "hash": "0x99d30d9eed1a7bdfde98643a35e635642d72b75f3ce1f0f460a51536424ba6a8",
    "orderHash": "0x6884c1b470fa3d9ce7949508cfd198fbf580c528b8cfb8572e113cfb02b6b815",
    "taker": "0x85524150bd7cab4cee3377b867c5cdb4aec8c24a",
    "maker": "0xfb17c514f0744975148faf0707b640440d0c1b94",
    "pairName": "ZRX_DAI",
    "createdAt": 1518332241506
  },
  {
    "amount": "2974.5052",
    "price": "7981.0831",
    "type": "LIMIT",
    "side": "BUY",
    "hash": "0xcd579211500ebe9e1559f10bc36d416738ab1d20e73431998f96e1fef66d955f",
    "orderHash": "0x2f47738323e8af58a4db6c3e7f97db2fb50cf1b1b9de2cfeab25a4d6a48fdd30",
    "taker": "0x194a5550a2bb73969bb4dd4add0bc45eee8b30e7",
    "maker": "0x818249fbb06f0596151c9e425613e652adb42f9c",
    "pairName": "OMG_WETH",
    "createdAt": 1506895322023
  },
  {
    "amount": "4663.6324",
    "price": "53682.6945",
    "type": "MARKET",
    "side": "SELL",
    "hash": "0xf4de798f12474d003da110cc195267b9891963f54c114e1fe35df7b5e3d4065c",
    "orderHash": "0xa2ef3495c0a6afb34c72dc72689216dc02b0bee793e7fe2a139bce742583b350",
    "taker": "0x805c3975d10cad0a42f8c127425b5ac8a8b58e2c",
    "maker": "0x1c73cf1ef9941a2c7e1caf8a3d649399dd18a0bd",
    "pairName": "BNB_WETH",
    "createdAt": 1511497419815
  }
]
