{
  "list": [
    { "time": 1383118420905, "type": "sell", "amount": 8509.0992, "price": 0.0061 },
    { "time": 1325794112377, "type": "buy", "amount": 6912.2062, "price": 0.0077 },
    { "time": 1347042227557, "type": "sell", "amount": 4911.483, "price": 0.0046 },
    { "time": 1377157034739, "type": "buy", "amount": 867.6288, "price": 0.0015 },
    { "time": 1349294794826, "type": "sell", "amount": 7458.8255, "price": 0.01 },
    { "time": 1395608687854, "type": "buy", "amount": 27.5758, "price": 0.0044 },
    { "time": 1482566000328, "type": "sell", "amount": 5913.9462, "price": 0.0008 },
    { "time": 1482638948354, "type": "sell", "amount": 5798.9249, "price": 0.0001 },
    { "time": 1487740025164, "type": "sell", "amount": 7989.1234, "price": 0.009 },
    { "time": 1466954729157, "type": "sell", "amount": 4871.5108, "price": 0.0092 },
    { "time": 1452138955574, "type": "buy", "amount": 9819.956, "price": 0.0047 },
    { "time": 1311967426544, "type": "sell", "amount": 6842.3967, "price": 0.0039 },
    { "time": 1355213652217, "type": "sell", "amount": 3173.4013, "price": 0.0035 },
    { "time": 1448222194411, "type": "sell", "amount": 6402.764, "price": 0.0014 },
    { "time": 1394386388967, "type": "buy", "amount": 8015.735, "price": 0.0039 },
    { "time": 1416679896048, "type": "sell", "amount": 8116.5176, "price": 0.0004 },
    { "time": 1318253901244, "type": "sell", "amount": 3308.1433, "price": 0.0069 },
    { "time": 1442392880492, "type": "buy", "amount": 5254.5111, "price": 0.0022 },
    { "time": 1363080453844, "type": "buy", "amount": 7724.8033, "price": 0.0029 },
    { "time": 1488712803731, "type": "buy", "amount": 1885.5907, "price": 0.0052 },
    { "time": 1353207673538, "type": "buy", "amount": 8448.0355, "price": 0.007 },
    { "time": 1402759944972, "type": "buy", "amount": 9204.6668, "price": 0.0077 },
    { "time": 1316682990656, "type": "sell", "amount": 9646.0094, "price": 0.0068 },
    { "time": 1326013592714, "type": "sell", "amount": 7055.332, "price": 0.0067 },
    { "time": 1512063633157, "type": "buy", "amount": 8215.6114, "price": 0.0082 },
    { "time": 1366882862148, "type": "sell", "amount": 5447.2622, "price": 0.0075 },
    { "time": 1410890476797, "type": "sell", "amount": 2670.9078, "price": 0.0027 },
    { "time": 1458082112473, "type": "sell", "amount": 7390.2985, "price": 0.006 },
    { "time": 1499855964502, "type": "sell", "amount": 5336.5262, "price": 0.009 },
    { "time": 1333682487839, "type": "sell", "amount": 7454.7679, "price": 0.0032 },
    { "time": 1445556880305, "type": "buy", "amount": 9882.3092, "price": 0.0029 },
    { "time": 1410584769505, "type": "sell", "amount": 3262.8298, "price": 0.009 },
    { "time": 1321619029194, "type": "buy", "amount": 3704.9826, "price": 0.0024 },
    { "time": 1349107369660, "type": "sell", "amount": 7523.2764, "price": 0.0062 },
    { "time": 1311941543292, "type": "buy", "amount": 6782.7801, "price": 0.0039 },
    { "time": 1511622651762, "type": "sell", "amount": 4828.2201, "price": 0.01 },
    { "time": 1315843507406, "type": "buy", "amount": 586.6534, "price": 0.0035 },
    { "time": 1437999716902, "type": "buy", "amount": 4174.3633, "price": 0.0055 },
    { "time": 1480203685898, "type": "sell", "amount": 31.066, "price": 0.0054 },
    { "time": 1471592214100, "type": "buy", "amount": 7176.0816, "price": 0.0023 },
    { "time": 1398055911435, "type": "buy", "amount": 1820.7267, "price": 0.0046 },
    { "time": 1450907344891, "type": "sell", "amount": 9191.432, "price": 0.0021 },
    { "time": 1348173207815, "type": "buy", "amount": 7006.8872, "price": 0.0043 },
    { "time": 1454382843122, "type": "sell", "amount": 2961.8166, "price": 0.0088 },
    { "time": 1498125441147, "type": "buy", "amount": 443.6881, "price": 0.0072 },
    { "time": 1386979711488, "type": "sell", "amount": 3547.2812, "price": 0.0097 },
    { "time": 1413726132305, "type": "sell", "amount": 2139.8306, "price": 0.0061 },
    { "time": 1396167849367, "type": "buy", "amount": 7275.0762, "price": 0.0094 },
    { "time": 1399683204015, "type": "buy", "amount": 8398.1422, "price": 0.0078 },
    { "time": 1434875247331, "type": "buy", "amount": 9022.2405, "price": 0.0027 }
  ]
}
